% Projects that provide biomedical knowledge graphs

%% Reviews

@article{abusalih2021,
	author = {Abu-Salih, Bilal},
	date = {2021-07-01},
	title = {Domain-specific knowledge graphs: A survey},
	journaltitle = {Journal of Network and Computer Applications},
	volume = {185},
	pages = {103076},
	doi = {10.1016/j.jnca.2021.103076},
}

@online{babalou2023,
	author = {Babalou, Samira and Samuel, Sheeba and König-Ries, Birgitta},
	date = {2023-09-15},
	title = {Reproducible Domain-Specific Knowledge Graphs in the Life Sciences: a Systematic Literature Review},
	publisher = {{arXiv}},
	doi = {10.48550/arXiv.2309.08754},
}

@article{bonner2022,
	author = {Bonner, Stephen and Barrett, Ian P and Ye, Cheng and Swiers, Rowan and Engkvist, Ola and Bender, Andreas and Hoyt, Charles Tapley and Hamilton, William L},
	date = {2022-11-01},
	title = {A review of biomedical datasets relating to drug discovery: a knowledge graph perspective},
	journaltitle = {Briefings in Bioinformatics},
	volume = {23},
	number = {6},
	pages = {bbac404},
	doi = {10.1093/bib/bbac404},
}

@article{callahan2020,
	author = {Callahan, Tiffany J. and Tripodi, Ignacio J. and Pielke-Lombardo, Harrison and Hunter, Lawrence E.},
	date = {2020},
	title = {Knowledge-Based Biomedical Data Science},
	journaltitle = {Annual Review of Biomedical Data Science},
	volume = {3},
	number = {1},
	pages = {23--41},
	doi = {10.1146/annurev-biodatasci-010820-091627},
}

@article{chatterjee2021,
	author = {Chatterjee, Avishek and Nardi, Cosimo and Oberije, Cary and Lambin, Philippe},
	date = {2021-04},
	title = {Knowledge Graphs for {COVID}-19: An Exploratory Review of the Current Landscape},
	journaltitle = {Journal of Personalized Medicine},
	volume = {11},
	pages = {300},
	number = {4},
	doi = {10.3390/jpm11040300},
}

@inproceedings{galluzzo2022,
	author = {Galluzzo, Ylenia},
	date = {2022-09-08},
	title = {A Review: Biological Insights on Knowledge Graphs},
	booktitle = {New Trends in Database and Information Systems},
	series = {Communications in Computer and Information Science},	
	publisher = {Springer International Publishing},
	editor = {Chiusano, Silvia and Cerquitelli, Tania and Wrembel, Robert and Nørvåg, Kjetil and Catania, Barbara and Vargas-Solar, Genoveva and Zumpano, Ester},
	pages = {388--399},
	doi = {10.1007/978-3-031-15743-1_36},
}

@article{hansel2023,
	author = {Hänsel, Katrin and Dudgeon, Sarah N. and Cheung, Kei-Hoi and Durant, Thomas J. S. and Schulz, Wade L.},
	date = {2023-05-17},
	title = {From Data to Wisdom: Biomedical Knowledge Graphs for Real-World Data Insights},
	journaltitle = {Journal of Medical Systems},
	volume = {47},
	number = {1},
	pages = {65},
	doi = {10.1007/s10916-023-01951-2},
}

@article{maclean2021,
	author = {{MacLean}, Finlay},
	date = {2021-09-02},
	title = {Knowledge graphs and their applications in drug discovery},
	journaltitle = {Expert Opinion on Drug Discovery},
	volume = {16},
	pages = {1057--1069},
	number = {9},
	doi = {10.1080/17460441.2021.1910673},
}

@article{qian2019,
	author = {Qian, Tongqi and Zhu, Shijia and Hoshida, Yujin},
	date = {2019-05-04},
	title = {Use of big data in drug development for precision medicine: an update},
	journaltitle = {Expert Review of Precision Medicine and Drug Development},
	volume = {4},
	pages = {189--200},
	number = {3},
	doi = {10.1080/23808993.2019.1617632},
}

@article{rajabi2022,
	author = {Rajabi, Enayat and Kafaie, Somayeh},
	date = {2022-09-28},
	title = {Knowledge Graphs and Explainable {AI} in Healthcare},
	journaltitle = {Information},
	volume = {13},
	pages = {459},
	number = {10},	
	doi = {10.3390/info13100459},
}

@article{thessen2020,
	author = {Thessen, Anne E. and Walls, Ramona L. and Vogt, Lars and Singer, Jessica and Warren, Robert and Buttigieg, Pier Luigi and Balhoff, James P. and Mungall, Christopher J. and {McGuinness}, Deborah L. and Stucky, Brian J. and Yoder, Matthew J. and Haendel, Melissa A.},
	date = {2020-11-24},
	title = {Transforming the study of organisms: Phenomic data models and knowledge bases},
	journaltitle = {{PLOS} Computational Biology},
	volume = {16},
	pages = {e1008376},
	number = {11},
	doi = {10.1371/journal.pcbi.1008376},
}

%% Listings

@software{astrazeneca2023,
	author = {{AstraZeneca}},
	title = {Awesome Drug Discovery Knowledge Graphs},
	url = {https://github.com/AstraZeneca/awesome-drug-discovery-knowledge-graphs},
}

@online{callahan2023,
	author = {Callahan, Tiffany},
	date = {2023-10-30},
	title = {Open Source Biomedical {KG} - {GitHub} Scraper},
	doi = {10.5281/zenodo.10052114},
}

@online{linkedopendata2023,
	author = {McCrae, John P.},
	title = {{LOD} Cloud},
	url = {https://lod-cloud.net/datasets},
}

%% ADHD-KG

@online{adhdkg_group,
	author = {University of Huddersfield},
	title = {School of Computing and Engineering},
	url = {https://pure.hud.ac.uk/en/organisations/school-of-computing-and-engineering},
}

@online{adhdkg_website,
	author = {Papadakis, Emmanuel},
	title = {{ADHD}-{KG}},
	url = {https://emmanuelpapadakis.github.io/ADHD-KG},
}

@article{adhdkg_publication,
	author = {Papadakis, Emmanuel and Baryannis, George and Batsakis, Sotiris and Adamou, Marios and Huang, Zhisheng and Antoniou, Grigoris},
	date = {2023-11-11},
	title = {{ADHD}-{KG}: a knowledge graph of attention deficit hyperactivity disorder},
	journaltitle = {Health Information Science and Systems},
	volume = {11},
	number = {1},
	pages = {52},
	doi = {10.1007/s13755-023-00253-8},
}

@software{adhdkg_github,
	author = {Papadakis, Emmanuel},
	title = {{ADHD}-{KG}},
	url = {https://github.com/emmanuelpapadakis/ADHD-KG},
}

@software{adhdkg_data,
	author = {Papadakis, Emmanuel},
	date = {2022-12-10},
	title = {{ADHD}-{KG} v1.0},
	url = {https://zenodo.org/records/7422526},
	publisher = {Zenodo},
	doi = {10.5281/zenodo.7422526},
}

%% BIKG

@online{bikg_group1,
	author = {{AstraZeneca}},
	title = {{AI} and knowledge graphs for drug discovery},
	url = {https://www.astrazeneca.com/what-science-can-do/topics/data-science-ai/connected-medicines-innovations-data-science-ai.html},
}

@online{bikg_group2,
	author = {{AstraZeneca}},
	title = {{AstraZeneca}},
	url = {https://github.com/AstraZeneca},
}

@misc{bikg_publication,
	author = {Geleta, David and Nikolov, Andriy and Edwards, Gavin and Gogleva, Anna and Jackson, Richard and Jansson, Erik and Lamov, Andrej and Nilsson, Sebastian and Pettersson, Marina and Poroshin, Vladimir and Rozemberczki, Benedek and Scrivener, Timothy and Ughetto, Michael and Papa, Eliseo},
	date = {2021-11-01},
	title = {Biological Insights Knowledge Graph: an integrated knowledge graph to support drug development},
	publisher = {{bioRxiv}},
	doi = {10.1101/2021.10.28.466262},
}

%% Bio2RDF

@online{bio2rdf_website1,
	author = {Bio2RDF Consortium},
	title = {Bio2RDF v2.7a},
	url = {https://bio2rdf.org},
}

@online{bio2rdf_website2,
	author = {Bio2RDF Consortium},
	title = {Bio2RDF Home},
	url = {https://github.com/bio2rdf/bio2rdf-scripts/wiki},
}

@article{bio2rdf_publication1,
	author = {Belleau, François and Nolin, Marc-Alexandre and Tourigny, Nicole and Rigault, Philippe and Morissette, Jean},
	date = {2008-10-01},
	title = {Bio2RDF: Towards a mashup to build bioinformatics knowledge systems},
	journaltitle = {Journal of Biomedical Informatics},
	volume = {41},
	series = {Semantic Mashup of Biomedical Data},
	number = {5},
	pages = {706--716},
	doi = {10.1016/j.jbi.2008.03.004},
}

@inproceedings{bio2rdf_publication2,
	author = {Dumontier, Michel and Callahan, Alison and Cruz-Toledo, Jose and Ansell, Peter and Emonet, Vincent and Belleau, François and Droit, Arnaud},
	date = {2014-10-21},
	title = {Bio2RDF release 3: a larger connected network of linked data for the life sciences},
	booktitle = {Proceedings of the 2014 International Conference on Posters \& Demonstrations Track - Volume 1272},
	publisher = {{CEUR}-{WS}.org},
	series = {{ISWC}-{PD}'14},
	pages = {401--404},	
	url = {https://dl.acm.org/doi/10.5555/2878453.2878554},
}

@software{bio2rdf_github,
	author = {Bio2RDF Consortium},
	title = {Bio2RDF-scripts},
	url = {https://github.com/bio2rdf/bio2rdf-scripts},
}

@online{bio2rdf_data1,
	author = {Bio2RDF Consortium},
	title = {Bio2RDF Release 3},
	url = {https://download.bio2rdf.org/files/release/3/release.html},
}

@online{bio2rdf_data2,
	author = {Bio2RDF Consortium},
	title = {File Browser},
	url = {https://download.bio2rdf.org},
}

@online{bio2rdf_data3,
	author = {Bio2RDF Consortium},
	title = {{OpenLink} Virtuoso {SPARQL} Query Editor},
	url = {https://bio2rdf.org/sparql},
}

% bio4j

@online{bio4j_group,
	title = {Oh no sequences! Research Group - Era7 Bioinformatics},
	url = {https://era7bioinformatics.com/en/page_id_392_title_oh-no-sequences_-research-group.html},
}

@online{bio4j_website,
	author = {oh no sequences!},
	title = {Bio4j},
	url = {https://web.archive.org/web/20160215040814/https://bio4j.com},
}

@misc{bio4j_publication,
	author = {Pareja-Tobes, Pablo and Tobes, Raquel and Manrique, Marina and Pareja, Eduardo and Pareja-Tobes, Eduardo},
	date = {2015-03-20},
	title = {Bio4j: a high-performance cloud-enabled graph-based data platform},
	publisher = {{bioRxiv}},
	doi = {10.1101/016758},
}

@software{bio4j_github1,
	author = {Bio4j},
	title = {Bio4j bioinformatics graph data platform},
	url = {https://github.com/bio4j/bio4j},
}

@software{bio4j_github2,
	author = {Bio4j},
	title = {Bio4j Titan},
	url = {https://github.com/bio4j/bio4j-titan},
}

@online{bio4j_data1,
	author = {Bio4j},
	title = {bio4j-titan/docs/Bio4jAWSReleases.md at master · bio4j/bio4j-titan},
	url = {https://github.com/bio4j/bio4j-titan/blob/master/docs/Bio4jAWSReleases.md},
}

@online{bio4j_data2,
	author = {Bio4j},
	title = {bio4j-titan/docs/{ImportingTitanBio}4j.md at master · bio4j/bio4j-titan},
	url = {https://github.com/bio4j/bio4j-titan/blob/master/docs/ImportingTitanBio4j.md},
}

%% BioGrakn

@online{biograkn_group,
	author = {Vaticle},
	title = {Vaticle · {GitHub}},
	url = {https://github.com/vaticle},
}

@online{biograkn_website,
	author = {Sabat, Tomas},
	title = {Tomas Sabat},
	url = {https://medium.com/@tasabat},
}

@inproceedings{biograkn_publication,
	author = {Messina, Antonio and Pribadi, Haikal and Stichbury, Jo and Bucci, Michelangelo and Klarman, Szymon and Urso, Alfonso},
	date = {2017-07-05},
	title = {{BioGrakn}: A Knowledge Graph-Based Semantic Database for Biomedical Sciences},
	booktitle = {Complex, Intelligent, and Software Intensive Systems},
	publisher = {Springer International Publishing},
	series = {Advances in Intelligent Systems and Computing},
	pages = {299--309},	
	doi = {10.1007/978-3-319-61566-0_28},
}

@software{biograkn_github,
	author = {Vaticle},
	title = {{BioGrakn}},
	url = {https://github.com/vaticle/biograkn},
}

@online{biograkn_data,
	author = {Vaticle},
	title = {{Releases · vaticle/biograkn · GitHub}},
	url = {https://github.com/vaticle/biograkn/releases},
}

%% BioGraph

@online{biograph_website,
	author = {Veljković, Aleksandar N.},
	title = {{BioGraph}},
	url = {http://andromeda.matf.bg.ac.rs:54321},
}

@article{biograph_publication,
	author = {Veljković, Aleksandar N. and Orlov, Yuriy L. and Mitić, Nenad S.},
	date = {2023-04-09},
	title = {{BioGraph}: Data Model for Linking and Querying Diverse Biological Metadata},
	journaltitle = {International Journal of Molecular Sciences},
	volume = {24},
	pages = {6954},
	number = {8},
	doi = {10.3390/ijms24086954},
}

@software{biograph_github,
	author = {Veljkovic, Aleksandar},
	title = {{BioGraph}},
	url = {https://github.com/aleksandar-veljkovic/biograph},
}

@online{biograph_data,
	author = {Veljkovic, Aleksandar},
	title = {biograph/biograph-backend/importers at master · aleksandar-veljkovic/biograph · {GitHub}},
	url = {https://github.com/aleksandar-veljkovic/biograph/tree/master/biograph-backend/importers},
}

%% BioKG

@online{biokg_group1,
	author = {University of Galway},
	title = {Data Science Institute - University of Galway},
	url = {https://www.universityofgalway.ie/dsi},
}

@online{biokg_group2,
	author = {Biomedical Discovery Informatics unit at Data Science Institute of NUI Galway},
	title = {{DSI} - Biomedical Discovery Informatics},
	url = {https://github.com/dsi-bdi},
}

@inproceedings{biokg_publication,
	author = {Walsh, Brian and Mohamed, Sameh K. and Nováček, Vít},
	date = {2020-10-19},
	title = {{BioKG}: A Knowledge Graph for Relational Learning On Biological Data},
	booktitle = {Proceedings of the 29th {ACM} International Conference on Information \& Knowledge Management},
	publisher = {Association for Computing Machinery},
	series = {{CIKM} '20},
	pages = {3173--3180},
	doi = {10.1145/3340531.3412776},
}

@software{biokg_github1,
	author = {{DSI} - Biomedical Discovery Informatics},
	title = {biokg},
	url = {https://github.com/dsi-bdi/biokg},
}

@software{biokg_github2,
	author = {{DSI} - Biomedical Discovery Informatics},
	title = {biodblinker},
	url = {https://github.com/dsi-bdi/biodblinker},
}

@online{biokg_pypi,
	author = {INSIGHT Centre for Data Analytics},
	title = {biodblinker · {PyPI}},
	url = {https://pypi.org/project/biodblinker},
}

@online{biokg_data,
	author = {{DSI} - Biomedical Discovery Informatics},
	title = {Release biokg-v1.0.0 · dsi-bdi/biokg},
	url = {https://github.com/dsi-bdi/biokg/releases/tag/v1.0.0},
}

%% Biomedical Data Translator

@online{bdt_group,
	author = {National Center for Advancing Translational Sciences},
	title = {National Center for Advancing Translational Sciences},
	url = {https://ncats.nih.gov},
}

@online{bdt_website1,
	author = {National Center for Advancing Translational Sciences},
	title = {Biomedical Data Translator {\textbar} National Center for Advancing Translational Sciences},
	url = {https://ncats.nih.gov/research/research-activities/translator},
}

@online{bdt_website2,
	author = {National Center for Advancing Translational Sciences},
	title = {Translator Developer Documentation},
	url = {https://ncatstranslator.github.io/TranslatorTechnicalDocumentation},
}

@article{bdt_publication1,
	author = {Consortium, The Biomedical Data Translator},
	date = {2018-11-09},
	title = {The Biomedical Data Translator Program: Conception, Culture, and Community},
	journaltitle = {Clinical and Translational Science},
	volume = {12},
	number = {2},
	pages = {91--94},
	doi = {10.1111/cts.12592},
}

@article{bdt_publication2,
	author = {Fecho, Karamarie and Thessen, Anne E. and Baranzini, Sergio E. and Bizon, Chris and Hadlock, Jennifer J. and Huang, Sui and Roper, Ryan T. and Southall, Noel and Ta, Casey and Watkins, Paul B. and Williams, Mark D. and Xu, Hao and Byrd, William and Dančík, Vlado and Duby, Marc P. and Dumontier, Michel and Glusman, Gustavo and Harris, Nomi L. and Hinderer, Eugene W. and Hyde, Greg and Johs, Adam and Su, Andrew I. and Qin, Guangrong and Zhu, Qian and Consortium, The Biomedical Data Translator},
	date = {2022-05-25},
	title = {Progress toward a universal biomedical data translator},
	journaltitle = {Clinical and Translational Science},
	volume = {15},
	pages = {1838--1847},
	number = {8},
	doi = {10.1111/cts.13301},
}

@software{bdt_github1,
	author = {Biomedical Data Translator Consortium},
	title = {{ReasonerAPI}},
	url = {https://github.com/NCATSTranslator/ReasonerAPI},
}

@software{bdt_github2,
	author = {Biomedical Data Translator Consortium},
	title = {Knowledge Graph Exchange ({KGE}) Archive and Registry Working Group},
	url = {https://github.com/NCATSTranslator/Knowledge_Graph_Exchange_Registry},
}

@software{bdt_github3,
	author = {Biomedical Data Translator Consortium},
	title = {{TranslatorTechnicalDocumentation}},
	url = {https://github.com/NCATSTranslator/TranslatorTechnicalDocumentation},
}

@online{bdt_data1,
	author = {{SmartAPI} consortium},
	title = {{SmartAPI} {\textbar} Translator},
	url = {https://smart-api.info/portal/translator},
}

@online{bdt_data2,
	author = {National Center for Advancing Translational Sciences},
	title = {{NCATS} Biomedical Data Translator},
	url = {https://ui.transltr.io},
}

%% BIOS

@online{bios_group1,
	author = {International Digital Economy Academy},
	title = {International Digital Economy Academy (IDEA)},
	url = {https://www.idea.edu.cn},
}

@online{bios_group2,
	author = {{Center for Statistical Science, Tsinghua University}},
	title = {Center for Statistical Science},
	url = {http://www.stat.tsinghua.edu.cn/en},
}

@online{bios_website,
	author = {International Digital Economy Academy},
	title = {Biomedical Informatics Ontology System {\textbar} {BIOS}@{IDEA}},
	url = {https://bios.idea.edu.cn/lang-en},
}

@online{bios_publication,
	author = {Yu, Sheng and Yuan, Zheng and Xia, Jun and Luo, Shengxuan and Ying, Huaiyuan and Zeng, Sihang and Ren, Jingyi and Yuan, Hongyi and Zhao, Zhengyun and Lin, Yucong and Lu, Keming and Wang, Jing and Xie, Yutao and Shum, Heung-Yeung},
	date = {2022-04-24},
	title = {{BIOS}: An Algorithmically Generated Biomedical Knowledge Graph},
	publisher = {{arXiv}},
	doi = {10.48550/arXiv.2203.09975},
}

@software{bios_github1,
	author = {Xia, Jun},
	title = {{BIOS} {NER}},
	url = {https://github.com/xiaj1011/bios_ner},
}

@software{bios_github2,
	author = {Xia, Jun},
	title = {{BIOS} EntityClassification},
	url = {https://github.com/xiaj1011/bios_entity_classification},
}

@online{bios_data,
	author = {International Digital Economy Academy},
	title = {Biomedical Informatics Ontology System {\textbar} {BIOS}@{IDEA}},
	url = {https://bios.idea.edu.cn/download},
}

%% Bioteque

@online{bioteque_group,
	author = {Structural Bioinformatics and Network Biology Group at IRB Barcelona},
	title = {Structural Bioinformatics and Network Biology Group},
	url = {https://sbnb.irbbarcelona.org},
}

@online{bioteque_website,
	author = {Structural Bioinformatics and Network Biology Group},
	title = {{BIOTEQUE}: Metapath Explorer},
	url = {https://bioteque.irbbarcelona.org},
}

@article{bioteque_publication1,
	author = {Fernández-Torras, Adrià and Duran-Frigola, Miquel and Bertoni, Martino and Locatelli, Martina and Aloy, Patrick},
	date = {2022-09-09},
	title = {Integrating and formatting biomedical data as pre-calculated knowledge graph embeddings in the Bioteque},
	journaltitle = {Nature Communications},
	volume = {13},
	pages = {5304},
	number = {1},
	doi = {10.1038/s41467-022-33026-0},
}

@article{bioteque_publication2,
	author = {Fernández-Torras, Adrià and Locatelli, Martina and Bertoni, Martino and Aloy, Patrick},
	date = {2023-09-01},
	title = {{BQsupports}: systematic assessment of the support and novelty of new biomedical associations},
	journaltitle = {Bioinformatics},
	volume = {39},
	number = {9},
	pages = {btad581},
	doi = {10.1093/bioinformatics/btad581},
}

@software{bioteque_gitlab,
	author = {Bioteque},
	title = {bioteque / Bioteque},
	url = {https://gitlabsbnb.irbbarcelona.org/bioteque/bioteque},
}

@online{bioteque_data,
	author = {Structural Bioinformatics and Network Biology Group},
	title = {{BIOTEQUE}: Downloads},
	url = {https://bioteque.irbbarcelona.org/downloads},
}

%% BioThings

@online{biothings_group,
	author = {The Scripps Research Institute},
	title = {Integrative Structural and Computational Biology {\textbar} Scripps Research},
	url = {https://www.scripps.edu/science-and-medicine/research-departments/integrative-structural-and-computational-biology},
}

@online{biothings_website,
	author = {{BioThings}.io},
	title = {{BioThings}.io},
	url = {http://biothings.io},
}

@article{biothings_publication,
	author = {Lelong, Sebastien and Zhou, Xinghua and Afrasiabi, Cyrus and Qian, Zhongchao and Cano, Marco Alvarado and Tsueng, Ginger and Xin, Jiwen and Mullen, Julia and Yao, Yao and Avila, Ricardo and Taylor, Greg and Su, Andrew I and Wu, Chunlei},
	date = {2022-03-28},
	title = {{BioThings} {SDK}: a toolkit for building high-performance data {APIs} in biomedical research},
	journaltitle = {Bioinformatics},
	volume = {38},
	number = {7},
	pages = {2077--2079},
	doi = {10.1093/bioinformatics/btac017},
}

@software{biothings_github,
	author = {{BioThings}},
	title = {{BioThings} {SDK}},
	url = {https://github.com/biothings/biothings.api},
}

@online{biothings_pypi,
	author = {The BioThings Team},
	title = {biothings · {PyPI}},
	url = {https://pypi.org/project/biothings},
}

%% BIOZON

@online{biozon_group,
	author = {Stanford Developmental Biology},
	title = {Stanford Developmental Biology},
	url = {https://devbio.stanford.edu},
}

@online{biozon_website,
	author = {Biozon.org},
	title = {Biozon},
	url = {https://web.archive.org/web/20180307024822/http://biozon.org},
}

@article{biozon_publication1,
	author = {Birkland, Aaron and Yona, Golan},
	date = {2006-01-01},
	title = {{BIOZON}: a hub of heterogeneous biological data},
	journaltitle = {Nucleic Acids Research},
	issue = {suppl\_1},
	volume = {34},
	pages = {D235--D242},
	doi = {10.1093/nar/gkj153},	
}

@article{biozon_publication2,
	author = {Birkland, Aaron and Yona, Golan},
	date = {2006-02-15},
	title = {{BIOZON}: a system for unification, management and analysis of heterogeneous biological data},
	journaltitle = {{BMC} Bioinformatics},
	volume = {7},
	pages = {70},
	number = {1},
	doi = {10.1186/1471-2105-7-70},
}

@online{biozon_software_and_data,
	author = {Biozon.org},
	title = {Biozon : Download files and software},
	url = {https://web.archive.org/web/20180831035044/http://biozon.org/ftp/downloads.html},
}

%% BY-COVID-KG

@online{bycovidkg_group,
	author = {{BeYond-COVID (BY-COVID)}},
	title = {{BY}-{COVID}},
	url = {https://by-covid.org},
}

@software{bycovidkg_github,
	author = {Karki, Reagon and Andrea, Zaliani and Gadiya, Yojana and Gribbon, Philip},
	title = {{COVID}-19 Knowledge Graph: A comprehensive representation of chemical and biological entities associated with {COVID}-19},
	url = {https://github.com/Fraunhofer-ITMP/BY-COVID-KG},
}

@online{bycovidkg_data,
	author = {Karki, Reagon},
	title = {{BY}-{COVID} Knowledge Graph: A comprehensive network integrating various data resources of {BY}-{COVID} project {\textbar} {BioModels}},
	url = {https://www.ebi.ac.uk/biomodels/MODEL2209020001#Files},
}

%% Chem2Bio2RDF

@online{chem2bio2rdf_group,
	author = {The Trustees of Indiana University},
	title = {{IU} School of Informatics, Computing, and Engineering},
	url = {https://luddy.indiana.edu/index.html},
}

@online{chem2bio2rdf_website,
	author = {Semantic Systems Chemical Biology},
	title = {chem2bio2rdf},
	url = {http://cheminfov.informatics.indiana.edu:8080/c2b2r},
}

@article{chem2bio2rdf_publication,
	author = {Chen, Bin and Dong, Xiao and Jiao, Dazhi and Wang, Huijun and Zhu, Qian and Ding, Ying and Wild, David J.},
	date = {2010-05-17},
	title = {Chem2Bio2RDF: a semantic framework for linking and data mining chemogenomic and systems chemical biology data},
	journaltitle = {{BMC} Bioinformatics},
	volume = {11},
	number = {1},
	pages = {1--13},
	doi = {10.1186/1471-2105-11-255},
}

@online{chem2bio2rdf_data,
	author = {Semantic Systems Chemical Biology},
	title = {Wayback machine: chem2bio2rdf datasets},
	url = {https://web.archive.org/web/20150121065022/http://cheminfov.informatics.indiana.edu:8080/datasets.html},
}

%% Clinical Knowledge Graph

@online{ckg_group,
	author = {Novo Nordisk Foundation Center for Protein Research},
	title = {Novo Nordisk Foundation Center for Protein Research},
	url = {https://www.cpr.ku.dk},
}

@online{ckg_website,
	author = {Santos, Alberto and Colaço, Ana R. and Nielsen, Annelaura B.},
	title = {Clinical Knowledge Graph — {ClinicalKnowledgeGraph} 1.0 documentation},
	url = {https://ckg.readthedocs.io},
}

@misc{ckg_publication1,
	author = {Santos, Alberto and Colaço, Ana R. and Nielsen, Annelaura B. and Niu, Lili and Geyer, Philipp E. and Coscia, Fabian and Albrechtsen, Nicolai J. Wewer and Mundt, Filip and Jensen, Lars Juhl and Mann, Matthias},
	date = {2020-05-10},
	title = {Clinical Knowledge Graph Integrates Proteomics Data into Clinical Decision-Making},
	publisher = {{bioRxiv}},
	doi = {10.1101/2020.05.09.084897},
}

@article{ckg_publication2,
	author = {Santos, Alberto and Colaço, Ana R. and Nielsen, Annelaura B. and Niu, Lili and Strauss, Maximilian and Geyer, Philipp E. and Coscia, Fabian and Albrechtsen, Nicolai J. Wewer and Mundt, Filip and Jensen, Lars Juhl and Mann, Matthias},
	date = {2022-01-31},
	title = {A knowledge graph to interpret clinical proteomics data},
	journaltitle = {Nature Biotechnology},
	volume = {40},
	number = {5},
	pages = {692--702},
	doi = {10.1038/s41587-021-01145-6},
}

@software{ckg_github,
	author = {Mann Labs},
	title = {{CKG}},
	url = {https://github.com/MannLabs/CKG},
}

@article{ckg_data,
	author = {Santos, Alberto and Colaço, Ana Rita and Nielsen, Annelaura Bach and Mann, Matthias},
	title = {Clinical Knowledge Graph},
	doi = {10.17632/mrcf7f4tc2},
}

%% CovidGraph

@online{covidgraph_group,
	author = {{Covidgraph.org Team}},
	title = {Covidgraph.org Team},
	url = {https://github.com/covidgraph},
}

@online{covidgraph_website1,
	author = {{HealthECCO}},
	title = {{HealthECCO}},
	url = {https://healthecco.org},
}

@online{covidgraph_website2,
	author = {{HealthECCO}},
	title = {{CovidGraph} - a {COVID}-19 Knowledge Graph - {HealthECCO}},
	url = {https://web.archive.org/web/20230327061808/https://healthecco.org/covidgraph},
}

@online{covidgraph_website3,
	author = {{Covidgraph.org Team}},
	title = {{CovidGraph} Documentation},
	url = {https://github.com/covidgraph/documentation/wiki},
}

@article{covidgraph_publication,
	author = {Gütebier, Lea and Bleimehl, Tim and Henkel, Ron and Munro, Jamie and Müller, Sebastian and Morgner, Axel and Laenge, Jakob and Pachauer, Anke and Erdl, Alexander and Weimar, Jens and Walther Langendorf, Kirsten and Vialard, Vincent and Liebig, Thorsten and Preusse, Martin and Waltemath, Dagmar and Jarasch, Alexander},
	date = {2022-10-15},
	title = {{CovidGraph}: a graph to fight {COVID}-19},
	journaltitle = {Bioinformatics},
	volume = {38},
	number = {20},
	pages = {4843--4845},
	doi = {10.1093/bioinformatics/btac592},
}

@software{covidgraph_github,
	author = {{Covidgraph.org Team}},
	title = {documentation},
	url = {https://github.com/covidgraph/documentation},
}

@online{covidgraph_data1,
	author = {The covidgraph.org project members},
	title = {{CovidGraph} Explorer},
	url = {https://live.yworks.com/covidgraph},
}

@online{covidgraph_data2,
	author = {The covidgraph.org project members},
	title = {Neo4j Browser},
	url = {https://db.covidgraph.org/browser},
}

%% COVID-19 Knowledge Graph

@online{covid19kg_group,
	author = {University of Delaware},
	title = {Computer \& Information Sciences at the University of Delaware},
	url = {https://www.cis.udel.edu},
}

@online{covid19kg_website,
	author = {Chen, Chuming and Ross, Karen E and Gavali, Sachin and Cowart, Julie E and Wu, Cathy H},
	title = {{COVID}-19 Knowledge Graph},
	url = {https://research.bioinformatics.udel.edu/covid19kg},
}

@article{covid19kg_publication,
	author = {Chen, Chuming and Ross, Karen E and Gavali, Sachin and Cowart, Julie E and Wu, Cathy H},
	date = {2021-12-07},
	title = {{COVID}-19 Knowledge Graph from semantic integration of biomedical literature and databases},
	journaltitle = {Bioinformatics},
	number = {23},
	volume = {37},
	pages = {4597--4598},
	doi = {10.1093/bioinformatics/btab694},
}

@software{covid19kg_github,
	author = {Center for Bioinformatics and Computational Biology at UD},
	title = {covid19kg\_rdf},
	url = {https://github.com/udel-cbcb/covid19kg_rdf},
}

@online{covid19kg_data1,
	author = {Chen, Chuming and Ross, Karen E and Gavali, Sachin and Cowart, Julie E and Wu, Cathy H},
	title = {{COVID}-19 Knowledge Graph - {RDF} Dumps},
	url = {https://research.bioinformatics.udel.edu/covid19kg/rdfdumps},
}

@online{covid19kg_data2,
	author = {Chen, Chuming and Ross, Karen E and Gavali, Sachin and Cowart, Julie E and Wu, Cathy H},
	title = {{COVID}-19 Knowledge Graph - {RESTful} {API}},
	url = {https://research.bioinformatics.udel.edu/covid19kg/api},
}

@online{covid19kg_data3,
	author = {Chen, Chuming and Ross, Karen E and Gavali, Sachin and Cowart, Julie E and Wu, Cathy H},
	title = {{COVID}-19 Knowledge Graph - {YASGUI} {SPARQL} {GUI}},
	url = {https://research.bioinformatics.udel.edu/covid19kg/yasgui},
}

%% COVID-19-Net

@online{covid19net_website,
	author = {Columbia University},
	title = {Peter Rose {\textbar} {COVID} Information Commons},
	url = {https://covidinfocommons.datascience.columbia.edu/content/peter-rose},
}

@software{covid19net_github,
	author = {{COVID}-19-Net},
	title = {Covid-19-Community},
	url = {https://github.com/covid-19-net/covid-19-community},
}

@online{covid19net_data,
	author = {Rose, Peter and Ganapathy, Kaushik Ram},
	title = {reader@neo4j://132.249.238.185:7687 - Neo4j Browser},
	url = {http://132.249.238.185:7474/browser/?connectURL=neo4j://reader:demo@132.249.238.185:7687},
}

%% COVID-KG

@online{covidkg_group,
	author = {{BLENDER Lab, CS @ Illinois}},
	title = {{BLENDER} Lab},
	url = {https://blender.cs.illinois.edu},
}

@online{covidkg_website,
	author = {{BLENDER Lab, CS @ Illinois}},
	title = {{BLENDER} Lab {\textbar} Software},
	url = {https://blender.cs.illinois.edu/covid19},
}

@inproceedings{covidkg_publication,
	author = {Wang, Qingyun and Li, Manling and Wang, Xuan and Parulian, Nikolaus and Han, Guangxing and Ma, Jiawei and Tu, Jingxuan and Lin, Ying and Zhang, Ranran Haoran and Liu, Weili and Chauhan, Aabhas and Guan, Yingjun and Li, Bangzheng and Li, Ruisong and Song, Xiangchen and Fung, Yi and Ji, Heng and Han, Jiawei and Chang, Shih-Fu and Pustejovsky, James and Rah, Jasmine and Liem, David and {ELsayed}, Ahmed and Palmer, Martha and Voss, Clare and Schneider, Cynthia and Onyshkevych, Boyan},
	date = {2021-06},
	title = {{COVID}-19 Literature Knowledge Graph Construction and Drug Repurposing Report Generation},
	booktitle = {Proceedings of the 2021 Conference of the North American Chapter of the Association for Computational Linguistics: Human Language Technologies: Demonstrations},
	pages = {66--77},
	publisher = {Association for Computational Linguistics},
	editor = {Sil, Avi and Lin, Xi Victoria},
	doi = {10.18653/v1/2021.naacl-demos.8},
}

@online{covidkg_data,
	author = {{BLENDER Lab, CS @ Illinois}},
	title = {Wayback Machine: {KG}.zip},
	url = {https://web.archive.org/web/20210124013751/http://159.89.180.81/demo/covid/KG.zip},
}

%% CovidPubKG

@online{covidpubkg_group,
	author = {The Data Science ({DICE}) group},
	title = {The Data Science ({DICE}) group},
	url = {https://dice-research.org},
}

@article{covidpubkg_publication,
	author = {Pestryakova, Svetlana and Vollmers, Daniel and Sherif, Mohamed Ahmed and Heindorf, Stefan and Saleem, Muhammad and Moussallem, Diego and Ngomo, Axel-Cyrille Ngonga},
	date = {2022-07-08},
	title = {{CovidPubGraph}: A {FAIR} Knowledge Graph of {COVID}-19 Publications},
	journaltitle = {Scientific Data},
	volume = {9},
	pages = {389},
	number = {1},
	doi = {10.1038/s41597-022-01298-2},
}

@software{covidpubkg_github,
	author = {DICE group},
	title = {{CovidPubKG}: A {FAIR} Knowledge Graph of {COVID}-19 Publications},
	url = {https://github.com/dice-group/COVID19DS},
}

@online{covidpubkg_data1,
	author = {The DICE group at Paderborn University},
	title = {/datasets/{CovidPubGraph}/archive/},
	url = {https://files.dice-research.org/datasets/CovidPubGraph/archive},
}

@misc{covidpubkg_data2,
	author = {Pestryakova, Svetlana and Heindorf, Stefan and Sherif, Mohamed Ahmed and Saleem, Muhammad and Moussallem, Diego and Vollmers, Daniel and Ngonga Ngomo, Axel-Cyrille},
	date = {2021-03-31},
	title = {{CovidPubGraph}: A {FAIR} Knowledge Graph of {COVID}-19 Publications},
	publisher = {Zenodo},
	doi = {10.5281/zenodo.4650261},
}

@online{covidpubkg_data3,
	author = {The DICE group at Paderborn University},
	title = {Virtuoso {SPARQL} Query Editor},
	url = {https://covid-19ds.data.dice-research.org/sparql},
}

%% CROssBAR

@online{crossbar_group1,
	author = {Kanser Sistem Biyolojisi Laboratuvar},
	title = {{CanSyL} {\textbar} Cancer Systems Biology Laboratory},
	url = {https://cansyl2.metu.edu.tr/en},
}

@online{crossbar_group2,
	author = {EMBL},
	title = {Protein Function Development – Services for protein sequences and their function},
	url = {https://www.ebi.ac.uk/about/teams/protein-function-development},
}

@online{crossbar_website1,
	author = {Middle East Technical University (METU), European Bioinformatics Institute (EMBL-EBI)},
	title = {{CROssBAR} Project},
	url = {https://cansyl.metu.edu.tr/crossbar},
}

@online{crossbar_website2,
	author = {CROssBAR Project Team},
	title = {{CROssBAR} Knowledge Graphs},
	url = {https://crossbar.kansil.org},
}

@article{crossbar_publication,
	author = {Doğan, Tunca and Atas, Heval and Joshi, Vishal and Atakan, Ahmet and Rifaioglu, Ahmet Sureyya and Nalbat, Esra and Nightingale, Andrew and Saidi, Rabie and Volynkin, Vladimir and Zellner, Hermann and Cetin-Atalay, Rengul and Martin, Maria and Atalay, Volkan},
	date = {2021-09-20},
	title = {{CROssBAR}: comprehensive resource of biomedical relations with knowledge graph representations},
	journaltitle = {Nucleic Acids Research},
	volume = {49},
	number = {16},
	pages = {e96},
	doi = {10.1093/nar/gkab543},
}

@software{crossbar_github,
	author = {Cancer Systems Biology Laboratory ({CanSyL})},
	title = {{CROssBAR}: Comprehensive Resource of Biomedical Relations with Deep Learning Applications and Knowledge Graph Representations},
	url = {https://github.com/cansyl/CROssBAR},
}

@online{crossbar_data,
	author = {Cancer Systems Biology Laboratory ({CanSyL})},
	title = {CROssBAR integrated knowledge graphs (KG) · cansyl/{CROssBAR}},
	url = {https://github.com/cansyl/CROssBAR/tree/master/CROssBAR_INTEGRATED_KGs},
}

%% DDI-BLKG

@online{ddiblkg_group,
	author = {Institute of Informatics and Telecommunications},
	title = {National Centre for Scientific Research "Demokritos"},
	url = {https://www.iit.demokritos.gr},
}

@inproceedings{ddiblkg_publication,
	author = {Bougiatiotis, Konstantinos and Aisopos, Fotis and Nentidis, Anastasios and Krithara, Anastasia and Paliouras, Georgios},
	date = {2020-09-26},
	title = {Drug-Drug Interaction Prediction on a Biomedical Literature Knowledge Graph},
	booktitle = {Artificial Intelligence in Medicine},
	series = {Lecture Notes in Computer Science},
	pages = {122--132},
	publisher = {Springer International Publishing},
	editor = {Michalowski, Martin and Moskovitch, Robert},
	doi = {10.1007/978-3-030-59137-3_12},
}

@software{ddiblkg_github,
	author = {Bougiatiotis, Konstantinos},
	title = {Drug-Drug Interaction Prediction on a Biomedical Literature Knowledge Graph ({DDI}-{BLKG})},
	url = {https://github.com/kbogas/DDI_BLKG},
}

@online{ddiblkg_data,
	author = {Bougiatiotis, Konstantinos},
	title = {{ownCloud} - A safe home for all your data},
	url = {https://owncloud.skel.iit.demokritos.gr:443/index.php/s/WFpHQ6aegYK1J7M},
}

%% DeepKG

@online{deepkg_website,
	author = {Li, Zongren and Zhong, Qin and Yang, Jing and Duan, Yongjie and Wang, Wenjun and Wu, Chengkun and He, Kunlun},
	title = {{COVID}-19 {KG}},
	url = {https://web.archive.org/web/20230930133838/http://covidkg.ai},
}

@article{deepkg_publication,
	author = {Li, Zongren and Zhong, Qin and Yang, Jing and Duan, Yongjie and Wang, Wenjun and Wu, Chengkun and He, Kunlun},
	date = {2022-03-01},
	title = {{DeepKG}: an end-to-end deep learning-based workflow for biomedical knowledge graph extraction, optimization and applications},
	journaltitle = {Bioinformatics},
	volume = {38},
	pages = {1477--1479},
	number = {5},
	doi = {10.1093/bioinformatics/btab767},
}

%% DisGeNet

@online{disgenet_group,
	author = {Research Unit on Biomedical Informatics (GRIB)},
	title = {Integrative Biomedical Informatics - Research {\textbar} Grib},
	url = {http://grib.imim.es/research/integrative-biomedical-informatics},
}

@article{disgenet_publication1,
	author = {Piñero, Janet and Queralt-Rosinach, Núria and Bravo, Àlex and Deu-Pons, Jordi and Bauer-Mehren, Anna and Baron, Martin and Sanz, Ferran and Furlong, Laura I.},
	date = {2015-01-01},
	title = {{DisGeNET}: a discovery platform for the dynamical exploration of human diseases and their genes},
	journaltitle = {Database},
	volume = {2015},
	pages = {bav028},
	doi = {10.1093/database/bav028},
}

@article{disgenet_publication2,
	author = {Queralt-Rosinach, Núria and Piñero, Janet and Bravo, Àlex and Sanz, Ferran and Furlong, Laura I.},
	date = {2016-07-15},
	title = {{DisGeNET}-{RDF}: harnessing the innovative power of the Semantic Web to explore the genetic basis of diseases},
	journaltitle = {Bioinformatics},
	volume = {32},
	number = {14},
	pages = {2236--2238},
	doi = {10.1093/bioinformatics/btw214},
}

@article{disgenet_publication3,
	author = {Piñero, Janet and Ramírez-Anguita, Juan Manuel and Saüch-Pitarch, Josep and Ronzano, Francesco and Centeno, Emilio and Sanz, Ferran and Furlong, Laura I},
	date = {2020-01-08},
	title = {The {DisGeNET} knowledge platform for disease genomics: 2019 update},
	journaltitle = {Nucleic Acids Research},
	volume = {48},
	issue = {D1},
	pages = {D845--D855},
	doi = {10.1093/nar/gkz1021},
}

@online{disgenet_website1,
	author = {Integrative Biomedical Informatics Group},
	title = {{DisGeNET} - a database of gene-disease associations},
	url = {https://www.disgenet.org},
}

@online{disgenet_website2,
	author = {Integrative Biomedical Informatics Group},
	title = {{DisGeNET} RDF},
	url = {https://www.disgenet.org/rdf},
}

@online{disgenet_bitbucket1,
	author = {IBI group},
	title = {disgenet2r — Bitbucket},
	url = {https://bitbucket.org/ibi_group/disgenet2r},
}

@online{disgenet_bitbucket2,
	author = {IBI group},
	title = {disgenet-app — Bitbucket},
	url = {https://bitbucket.org/ibi_group/disgenet-app},
}

@online{disgenet_data1,
	author = {Integrative Biomedical Informatics Group},
	title = {Index of /download},
	url = {http://rdf.disgenet.org/download},
}

@online{disgenet_data2,
	author = {Integrative Biomedical Informatics Group},
	title = {Virtuoso {SPARQL} Query Editor},
	url = {http://rdf.disgenet.org/sparql},
}

@online{disgenet_data3,
	author = {Integrative Biomedical Informatics Group},
	title = {{SPARQL} Explorer},
	url = {http://rdf.disgenet.org/lodestar/sparql},
}

@online{disgenet_data4,
	author = {Integrative Biomedical Informatics Group},
	title = {{DisGeNET} - a database of gene-disease associations},
	url = {https://www.disgenet.org/downloads},
}

@online{disgenet_data5,
	author = {Integrative Biomedical Informatics Group},
	title = {{DisGeNET} Programmatic Access},
	url = {https://www.disgenet.org/api},
}

%% DRKG

@online{drkg_publication,
	author = {Ioannidis, Vassilis N. and Song, Xiang and Manchanda, Saurav and Li, Mufei and Pan, Xiaoqin and Zheng, Da and Ning, Xia and Zeng, Xiangxiang and Karypis, George},
	title = {{DRKG}/{DRKG} Drug Repurposing Knowledge Graph.pdf at master · gnn4dr/{DRKG}},
	url = {https://github.com/gnn4dr/DRKG/blob/master/DRKG%20Drug%20Repurposing%20Knowledge%20Graph.pdf},
}

@software{drkg_github,
	author = {Ioannidis, Vassilis N. and Song, Xiang and Manchanda, Saurav and Li, Mufei and Pan, Xiaoqin and Zheng, Da and Ning, Xia and Zeng, Xiangxiang and Karypis, George},
	title = {Drug Repurposing Knowledge Graph ({DRKG})},
	url = {https://github.com/gnn4dr/DRKG},
}

@online{drkg_data,
	author = {Ioannidis, Vassilis N. and Song, Xiang and Manchanda, Saurav and Li, Mufei and Pan, Xiaoqin and Zheng, Da and Ning, Xia and Zeng, Xiangxiang and Karypis, George},
	title = {{GitHub} - gnn4dr/{DRKG}: A knowledge graph and a set of tools for drug repurposing},
	url = {https://github.com/gnn4dr/DRKG#download-drkg},
}

%% Drug-CoV

@online{drugcov_group,
	author = {Murdoch University},
	title = {School of Information Technology {\textbar} Murdoch University},
	url = {https://murdoch.edu.au/schools/information-technology},
}

@article{drugcov_publication,
	author = {Li, Sirui and Wong, Kok Wai and Zhu, Dengya and Fung, Chun Che},
	date = {2023-12-01},
	title = {Drug-{CoV}: a drug-origin knowledge graph discovering drug repurposing targeting {COVID}-19},
	journaltitle = {Knowledge and Information Systems},
	volume = {65},
	number = {12},
	pages = {5289--5308},
	doi = {10.1007/s10115-023-01923-5},
}

@software{drugcov_github,
	author = {Li, Sirui},
	title = {kg},
	url = {https://github.com/SRL94/kg},
}

@online{drugcov_data,
	author = {Li, Sirui},
	title = {kg/Drug-{CoV} at main · {SRL}94/kg},
	url = {https://github.com/SRL94/kg/tree/main/Drug-CoV},
}

%% DrugMechDB

@online{drugmechdb_group,
	author = {The Su Lab},
	title = {The Su Lab {\textbar} Quantitative methods in biomedical discovery},
	url = {https://sulab.org},
}

@online{drugmechdb_website,
	author = {Su Lab},
	title = {Indication Mechanism of Action Database {\textbar} {DrugMechDB}},
	url = {https://sulab.github.io/DrugMechDB},
}

@article{drugmechdb_publication1,
	author = {Gonzalez-Cavazos, Adriana Carolina and Tanska, Anna and Mayers, Michael and Carvalho-Silva, Denise and Sridharan, Brindha and Rewers, Patrick A. and Sankarlal, Umasri and Jagannathan, Lakshmanan and Su, Andrew I.},
	date = {2023-09-16},
	title = {{DrugMechDB}: A Curated Database of Drug Mechanisms},
	journaltitle = {Scientific Data},
	volume = {10},
	pages = {632},
	number = {1},
	doi = {10.1038/s41597-023-02534-z},
}

@article{drugmechdb_publication2,
	author = {Mayers, Michael and Tu, Roger and Steinecke, Dylan and Li, Tong Shu and Queralt-Rosinach, Núria and Su, Andrew I},
	date = {2022-05-13},
	title = {Design and application of a knowledge network for automatic prioritization of drug mechanisms},
	journaltitle = {Bioinformatics},
	volume = {38},
	number = {10},
	pages = {2880--2891},
	doi = {10.1093/bioinformatics/btac205},
}

@software{drugmechdb_github,
	author = {Su Lab},
	title = {{DrugMechDB}},
	url = {https://github.com/SuLab/DrugMechDB},
}

%% DrugRep-HeSiaGraph

@article{drugrephesiagraph_publication,
	author = {Ghorbanali, Zahra and Zare-Mirakabad, Fatemeh and Salehi, Najmeh and Akbari, Mohammad and Masoudi-Nejad, Ali},
	date = {2023-10-03},
	title = {{DrugRep}-{HeSiaGraph}: when heterogenous siamese neural network meets knowledge graphs for drug repurposing},
	journaltitle = {{BMC} Bioinformatics},
	volume = {24},
	number = {1},
	pages = {374},
	doi = {10.1186/s12859-023-05479-7},
}

@software{drugrephesiagraph_github,
	author = {Ghorbanali, Zahra and Zare-Mirakabad, Fatemeh and Salehi, Najmeh and Akbari, Mohammad and Masoudi-Nejad, Ali},
	title = {{DrugRep}-{HeSiaGraph}},
	url = {https://github.com/CBRC-lab/DrugRep-HeSiaGraph},
}

%% DrugRep-KG

@online{drugrepkg_group,
	author = {{CBRC Lab Amirkabir University}},
	title = {{CBRC}},
	url = {http://bioinformatics.aut.ac.ir},
}

@article{drugrepkg_publication,
	author = {Ghorbanali, Zahra and Zare-Mirakabad, Fatemeh and Akbari, Mohammad and Salehi, Najmeh and Masoudi-Nejad, Ali},
	date = {2023-04-24},
	title = {{DrugRep}-{KG}: Toward Learning a Unified Latent Space for Drug Repurposing Using Knowledge Graphs},
	journaltitle = {Journal of Chemical Information and Modeling},
	volume = {63},
	number = {8},
	pages = {2532--2545},
	doi = {10.1021/acs.jcim.2c01291},
}

@software{drugrepkg_github,
	author = {Ghorbanali, Zahra and Zare-Mirakabad, Fatemeh and Akbari, Mohammad and Salehi, Najmeh and Masoudi-Nejad, Ali},
	title = {{DrugRep}-{KG}},
	url = {https://github.com/CBRC-lab/DrugRep-KG},
}

@online{drugrepkg_data,
	author = {Ghorbanali, Zahra and Zare-Mirakabad, Fatemeh and Akbari, Mohammad and Salehi, Najmeh and Masoudi-Nejad, Ali},
	title = {{DrugRep}-{KG}/{DRP}-{KGE}-Data and Code at main · {CBRC}-lab/{DrugRep}-{KG} · {GitHub}},
	url = {https://github.com/CBRC-lab/DrugRep-KG/tree/main/DRP-KGE-Data%20and%20Code},
}

%% EmBiology

@online{embiology_group,
	author = {Elsevier},
	title = {Elsevier {\textbar} An Information Analytics Business},
	url = {https://www.elsevier.com},
}

@online{embiology_website,
	author = {Elsevier},
	title = {{EmBiology} {\textbar} Biological data structured for insights {\textbar} Elsevier},
	url = {https://www.elsevier.com/products/embiology},
}

@misc{embiology_publication,
	author = {Elsevier},
	title = {{EmBiology}},
	url = {https://assets.ctfassets.net/o78em1y1w4i4/1o4TSxumH9ZFQFc2cd27Qf/16dd4d6afb7621db4d5655478f00d3e5/EmBiology_Fact_Sheet.pdf},
}

%% EpiGraphDB

@online{epigraphdb_group,
	author = {Bristol, University of},
	title = {{MRC} Integrative Epidemiology Unit {\textbar} University of Bristol},
	url = {https://www.bristol.ac.uk/integrative-epidemiology},
}

@online{epigraphdb_website,
	author = {{MRC Integrative Epidemiology Unit}},
	title = {{EpiGraphDB}},
	url = {http://epigraphdb.org},
}

@article{epigraphdb_publication,
	author = {Liu, Yi and Elsworth, Benjamin and Erola, Pau and Haberland, Valeriia and Hemani, Gibran and Lyon, Matt and Zheng, Jie and Lloyd, Oliver and Vabistsevits, Marina and Gaunt, Tom R},
	date = {2021-06-09},
	title = {{EpiGraphDB}: a database and data mining platform for health data science},
	journaltitle = {Bioinformatics},
	volume = {37},
	number = {9},
	pages = {1304--1311},
	doi = {10.1093/bioinformatics/btaa961},
}

@software{epigraphdb_github1,
	author = {{MRC} Integrative Epidemiology Unit},
	title = {epigraphdb},
	url = {https://github.com/MRCIEU/epigraphdb},
}

@software{epigraphdb_github2,
	author = {{MRC} Integrative Epidemiology Unit},
	title = {epigraphdb-r},
	url = {https://github.com/MRCIEU/epigraphdb-r},
}

@software{epigraphdb_data1,
	author = {{MRC} Integrative Epidemiology Unit},
	title = {neo4j-build-pipeline},
	url = {https://github.com/MRCIEU/epigraphdb-graph},
}

@online{epigraphdb_data2,
	author = {{MRC} Integrative Epidemiology Unit},
	title = {{EpiGraphDB} {API} - Swagger {UI}},
	url = {https://api.epigraphdb.org},
}

%% Google Health Knowledge Graph

@online{ghkg_group,
	author = {Google},
	title = {Google - About Google, Our Culture \& Company News},
	url = {https://about.google},
}

@online{ghkg_website1,
	author = {Google},
	title = {A remedy for your health-related questions: health info in the Knowledge Graph},
	url = {https://blog.google/products/search/health-info-knowledge-graph},
}

@online{ghkg_website2,
	author = {Google},
	title = {A reintroduction to our Knowledge Graph and knowledge panels},
	url = {https://blog.google/products/search/about-knowledge-graph-and-knowledge-panels},
}

@online{ghkg_data1,
	author = {Google},
	title = {Google Knowledge Graph Search {API}},
	url = {https://developers.google.com/knowledge-graph},
}

@online{ghkg_data2,
	author = {Google},
	title = {Google Knowledge Graph Search {API} {\textbar} Enterprise Knowledge Graph},
	url = {https://cloud.google.com/enterprise-knowledge-graph/docs/search-api},
}

%% GP-KG

@online{gpkg_group,
	author = {{Case Western Reserve University}},
	title = {Center for Artificial Intelligence in Drug Discovery {\textbar} Case Western Reserve University},
	url = {https://case.edu/medicine/aicenter},
}

@article{gpkg_publication,
	author = {Gao, Zhenxiang and Ding, Pingjian and Xu, Rong},
	date = {2022-08-01},
	title = {{KG}-Predict: A knowledge graph computational framework for drug repurposing},
	journaltitle = {Journal of Biomedical Informatics},
	volume = {132},
	pages = {104133},
	doi = {10.1016/j.jbi.2022.104133},
}

@online{gpkg_software,
	author = {{Case Western Reserve University}},
	title = {Index of /public/data/{GPKG}-Predict},
	url = {http://nlp.case.edu/public/data/GPKG-Predict},
}

@online{gpkg_data,
	author = {{Case Western Reserve University}},
	title = {Index of /public/data/{GPKG}-Predict/data},
	url = {http://nlp.case.edu/public/data/GPKG-Predict/data},
}

%% GenomicKB

@online{genomickb_group,
	author = {Liu, Jie},
	title = {Liu Lab},
	url = {https://jieliu6.github.io},
}

@online{genomickb_website,
	author = {Liu Lab, Department of Computational Medicine and Bioinformatics},
	title = {{GenomicKB}},
	url = {https://gkb.dcmb.med.umich.edu},
}

@article{genomickb_publication,
	author = {Feng, Fan and Tang, Feitong and Gao, Yijia and Zhu, Dongyu and Li, Tianjun and Yang, Shuyuan and Yao, Yuan and Huang, Yuanhao and Liu, Jie},
	date = {2023-01-06},
	title = {{GenomicKB}: a knowledge graph for the human genome},
	journaltitle = {Nucleic Acids Research},
	volume = {51},
	issue = {D1},
	pages = {D950--D956},
	doi = {10.1093/nar/gkac957},
}

@online{genomickb_data,
	author = {Liu Lab, Department of Computational Medicine and Bioinformatics},
	title = {Database Download :: {GKB} Documentation},
	url = {https://liu-bioinfo-lab.github.io/GenomicKB_documentation/documentation/db_download/index.html},
}

%% GrEDeL

@article{gredel_publication,
	author = {Sang, Shengtian and Yang, Zhihao and Liu, Xiaoxia and Wang, Lei and Lin, Hongfei and Wang, Jian and Dumontier, Michel},
	date = {2018-12-12},
	title = {{GrEDeL}: A Knowledge Graph Embedding Based Method for Drug Discovery From Biomedical Literatures},
	journaltitle = {{IEEE} Access},
	volume = {7},
	pages = {8404--8415},
	doi = {10.1109/ACCESS.2018.2886311},
}

@online{gredel_github,
	author = {Sang, Shengtian},
	title = {{GitHub} - {ShengtianSang}/{GrEDeL}: {GrEDeL}},
	url = {https://web.archive.org/web/20200914193006/https://github.com/ShengtianSang/GrEDeL},
}

%% HALD

@online{hald_group,
	author = {Ming Chen's Bioinformatics Group},
	title = {Ming Chen's Group of Bioinformatics!},
	url = {https://bis.zju.edu.cn/binfo},
}

@online{hald_website,
	author = {Zexu Wu et al.},
	title = {{HALD}},
	url = {https://bis.zju.edu.cn/hald},
}

@article{hald_publication,
	author = {Wu, Zexu and Feng, Cong and Hu, Yanshi and Zhou, Yincong and Li, Sida and Zhang, Shilong and Hu, Yueming and Chen, Yuhao and Chao, Haoyu and Ni, Qingyang and Chen, Ming},
	date = {2023-12-01},
	title = {{HALD}, a human aging and longevity knowledge graph for precision gerontology and geroscience analyses},
	journaltitle = {Scientific Data},
	volume = {10},
	number = {1},
	pages = {851},
	doi = {10.1038/s41597-023-02781-0},
}

@software{hald_github,
	author = {hald},
	title = {hald},
	url = {https://github.com/zexuwu/hald},
}

@online{hald_data,
	author = {Wu, Zexu and Feng, Cong and Hu, Yanshi and Zhou, Yincong and Li, Sida and Zhang, Shilong and Hu, Yueming and Chen, Yuhao and Chao, Haoyu and Ni, Qingyang and Chen, Ming},
	date = {2023-05-16},
	title = {{HALD}, a human aging and longevity knowledge graph for precision gerontology and geroscience analyses},
	publisher = {figshare},
	doi = {10.6084/m9.figshare.22828196.v4},
}

%% HemeKG

@online{hemekg_group1,
	author = {Universität Bonn},
	title = {Department of Pharmaceutical Biochemistry and Bioanalytics},
	url = {https://www.pharma.uni-bonn.de/pharmazeutische-biochemie-und-bioanalytik/en},
}

@online{hemekg_group2,
	author = {Fraunhofer {SCAI}},
	title = {Bioinformatics - Fraunhofer {SCAI}},
	url = {https://www.scai.fraunhofer.de/en/business-research-areas/bioinformatics.html},
}

@online{hemekg_website,
	author = {Humayun, Farah and Domingo-Fernández, Daniel},
	title = {{HemeKG} v0.0.1-dev},
	url = {https://hemekg.github.io/hemekg},
}

@article{hemekg_publication,
	author = {Humayun, Farah and Domingo-Fernández, Daniel and Paul George, Ajay Abisheck and Hopp, Marie-Thérèse and Syllwasschy, Benjamin F. and Detzel, Milena S. and Hoyt, Charles Tapley and Hofmann-Apitius, Martin and Imhof, Diana},
	date = {2020-03-06},
	title = {A Computational Approach for Mapping Heme Biology in the Context of Hemolytic Disorders},
	journaltitle = {Frontiers in Bioengineering and Biotechnology},
	volume = {8},
	doi = {10.3389/fbioe.2020.00074},
}

@software{hemekg_github,
	author = {Humayun, Farah and Domingo-Fernández, Daniel},
	title = {{HemeKG}},
	url = {https://github.com/hemekg/hemekg},
}

@online{hemekg_pypi,
	author = {Humayun, Farah and Domingo-Fernández, Daniel},
	title = {hemekg · {PyPI}},
	url = {https://pypi.org/project/hemekg},
}

@online{hemekg_data,
	author = {Humayun, Farah and Domingo-Fernández, Daniel},
	title = {hemekg/hemekg at master · hemekg/hemekg · {GitHub}},
	url = {https://github.com/hemekg/hemekg/tree/master/hemekg},
}

%% Hetionet

@online{hetionet_group1,
	author = {The Greene Lab},
	title = {Greene Lab},
	url = {https://greenelab.com},
}

@online{hetionet_group2,
	author = {The Regents of the University of California},
	title = {Baranzini Lab},
	url = {https://baranzinilab.ucsf.edu},
}

@online{hetionet_website,
	author = {Greene Lab, Baranzini Lab, et al},
	title = {Hetionet - An integrative network of biomedical knowledge},
	url = {https://het.io},
}

@article{hetionet_publication1,
	author = {Himmelstein, Daniel Scott and Lizee, Antoine and Hessler, Christine and Brueggeman, Leo and Chen, Sabrina L and Hadley, Dexter and Green, Ari and Khankhanian, Pouya and Baranzini, Sergio E},
	date = {2017-09-22},
	title = {Systematic integration of biomedical knowledge prioritizes drugs for repurposing},
	journaltitle = {{eLife}},
	volume = {6},
	pages = {e26726},
	doi = {10.7554/eLife.26726},
}

@article{hetionet_publication2,
	author = {Himmelstein, Daniel S. and Baranzini, Sergio E.},
	date = {2015-07-09},
	title = {Heterogeneous Network Edge Prediction: A Data Integration Approach to Prioritize Disease-Associated Genes},
	volume = {11},
	journaltitle = {{PLOS} Computational Biology},
	number = {7},
	pages = {e1004259},
	doi = {10.1371/journal.pcbi.1004259},
}

@online{hetionet_software,
	author = {Greene Lab, Baranzini Lab, et al},
	title = {Het.io - Software},
	url = {https://het.io/software},
}

@software{hetionet_github1,
	author = {Himmelstein, Daniel and Lizee, Antoine and Alquaddoomi, Faisal and Rubinetti, Vincent and Hu, Dongbo and Greene, Casey and Baranzini, Sergio},
	title = {hetio/hetionet: Data repository containing Hetionet downloads},
	url = {https://github.com/hetio/hetionet},
}

@software{hetionet_github2,
	author = {Himmelstein, Daniel and Heil, Benjamin and Zietz, Michael and Li, Tong Shu and Kloster, Kyle and Way, Gregory and Greene, Casey and Baranzini, Sergio},
	title = {hetio/hetnetpy repository: Hetnets in Python},
	url = {https://github.com/hetio/hetnetpy},
}

@software{hetionet_pypi1,
	author = {Himmelstein, Daniel},
	title = {hetio · {PyPI}},
	url = {https://pypi.org/project/hetio},
}

@software{hetionet_pypi2,
	author = {Himmelstein, Daniel},
	title = {hetnetpy · {PyPI}},
	url = {https://pypi.org/project/hetnetpy},
}

@online{hetionet_data1,
	author = {Greene Lab, Baranzini Lab, et al},
	title = {Het.io - Explore},
	url = {https://het.io/explore/#download-dataset},
}

@online{hetionet_data2,
	author = {Himmelstein, Daniel},
	title = {Hetionet in Neo4j},
	url = {https://neo4j.het.io/browser},
}

%% HuadingKG

@article{huadingkg_publication,
	author = {Zhang, Yong and Sheng, Ming and Zhou, Rui and Wang, Ye and Han, Guangjie and Zhang, Han and Xing, Chunxiao and Dong, Jing},
	date = {2020-11-01},
	title = {{HKGB}: An Inclusive, Extensible, Intelligent, Semi-auto-constructed Knowledge Graph Framework for Healthcare with Clinicians’ Expertise Incorporated},
	journaltitle = {Information Processing \& Management},
	volume = {57},
	pages = {102324},
	number = {6},
	doi = {10.1016/j.ipm.2020.102324},
}

@software{huadingkg_github,
	author = {Zhang, Yong},
	title = {huadingkg},
	url = {https://github.com/dagege/huadingkg},
}

%% iasis Open Data Graph

@online{iasisodg_group,
	author = {{Institute of Informatics and Telecommunications | National Centre for Scientific Research "Demokritos"}},
	title = {National Centre for Scientific Research "Demokritos"},
	url = {https://www.iit.demokritos.gr},
}

@online{iasisodg_website,
	author = {{Project IASiS}},
	title = {The {iASiS} project Knowledge Graph {\textbar} {IASIS}},
	url = {https://project-iasis.eu/node/178},
}

@inproceedings{iasisodg_publication,
	author = {Nentidis, Anastasios and Bougiatiotis, Konstantinos and Krithara, Anastasia and Paliouras, Georgios},
	date = {2020-07-28},
	title = {{iASiS} Open Data Graph: Automated Semantic Integration of Disease-Specific Knowledge},
	booktitle = {2020 {IEEE} 33rd International Symposium on Computer-Based Medical Systems ({CBMS})},
	pages = {220--225},
	doi = {10.1109/CBMS49503.2020.00049},	
}

@software{iasisodg_github,
	author = {tasosnent},
	title = {{iASiS} Open Data Graph},
	url = {https://github.com/tasosnent/Biomedical-Knowledge-Integration},
}

%% INDRA

@online{indra_group,
	author = {President and Fellows of Harvard College},
	title = {Sorger Lab},
	url = {https://sorger.med.harvard.edu},
}

@online{indra_website1,
	author = {{Sorger Lab}},
	title = {{INDRA}},
	url = {http://www.indra.bio},
}

@online{indra_website2,
	author = {Gyori, Benjamin M and Bachman, John A},
	title = {{INDRA} documentation — {INDRA} 1.22.0 documentation},
	url = {https://indra.readthedocs.io},
}

@article{indra_publication1,
	author = {Gyori, Benjamin M and Bachman, John A and Subramanian, Kartik and Muhlich, Jeremy L and Galescu, Lucian and Sorger, Peter K},
	date = {2017-11-01},
	title = {From word models to executable models of signaling networks using automated assembly},
	journaltitle = {Molecular Systems Biology},
	volume = {13},
	number = {11},
	pages = {954},
	doi = {10.15252/msb.20177651},
}

@article{indra_publication2,
	author = {Bachman, John A and Gyori, Benjamin M and Sorger, Peter K},
	date = {2023-05-09},
	title = {Automated assembly of molecular mechanisms at scale from text mining and curated databases},
	journaltitle = {Molecular Systems Biology},
	number = {5},
	volume = {19},
	pages = {e11325},
	doi = {10.15252/msb.202211325},
}

@software{indra_github,
	author = {{Sorger Lab}},
	title = {INDRA},
	url = {https://github.com/sorgerlab/indra},
}

@software{indra_pypi,
	author = {Gyori, Benjamin},
	title = {indra · {PyPI}},
	url = {https://pypi.org/project/indra},
}

@online{indra_data1,
	author = {{Sorger Lab}},
	title = {indra\_assembly\_paper/data at master · sorgerlab/indra\_assembly\_paper · {GitHub}},
	url = {https://github.com/sorgerlab/indra_assembly_paper/tree/master/data},
}

@online{indra_data2,
	author = {Bachman, John A. and Gyori, Benjamin M. and Sorger, Peter K.},
	date = {2023-01-22},
	title = {{INDRA} assembly Benchmark Corpus},
	publisher = {Zenodo},
	doi = {10.5281/zenodo.7559353},
}

@online{indra_data3,
	author = {{Sorger Lab}},
	title = {{INDRA} {REST} {API}},
	url = {http://api.indra.bio:8000},
}

%% Integrated Database of Small Molecules (IDSM)

@online{idsm_group,
	author = {{Institute of Organic Chemistry and Biochemistry of the Czech Academy of Sciences}},
	title = {{IOCB} Prague {\textbar} Institute of Organic Chemistry and Biochemistry of the {CAS}},
	url = {https://www.uochb.cz/en},
}

@online{idsm_website,
	author = {{Bioinformatics @ IOCB Prague}},
	title = {{IDSM} - Integrated Database of Small Molecules},
	url = {https://idsm.elixir-czech.cz},
}

@article{idsm_publication,
	author = {Galgonek, Jakub and Vondrášek, Jiří},
	date = {2021-05-12},
	title = {{IDSM} {ChemWebRDF}: {SPARQLing} small-molecule datasets},
	journaltitle = {Journal of Cheminformatics},
	volume = {13},
	number = {1},
	pages = {38},
	doi = {10.1186/s13321-021-00515-1},
}

@online{idsm_gitlab,
	author = {Galgonek, Jakub},
	title = {chemdb · {GitLab}},
	url = {https://ip-147-251-124-124.flt.cloud.muni.cz/chemdb},
}

@online{idsm_data1,
	author = {Galgonek, Jakub},
	title = {chemdb / loaders · {GitLab}},
	url = {https://ip-147-251-124-124.flt.cloud.muni.cz/chemdb/loaders},
}

@online{idsm_data2,
	author = {Galgonek, Jakub},
	title = {{IDSM} / {SPARQL} {GUI}},
	url = {https://idsm.elixir-czech.cz/sparql},
}

@online{idsm_data3,
	author = {Galgonek, Jakub},
	title = {{IDSM} / {SPARQL} {GUI}},
	url = {https://idsm.elixir-czech.cz/chemweb},
}

@online{idsm_data4,
	author = {Galgonek, Jakub},
	title = {{YASGUI}},
	url = {https://idsm.elixir-czech.cz/sparql/endpoint/idsm},
}

%% Implicitome

@article{implicitome_publication,
	author = {Hettne, Kristina M. and Thompson, Mark and van Haagen, Herman H. H. B. M. and van der Horst, Eelke and Kaliyaperumal, Rajaram and Mina, Eleni and Tatum, Zuotian and Laros, Jeroen F. J. and van Mulligen, Erik M. and Schuemie, Martijn and Aten, Emmelien and Li, Tong Shu and Bruskiewich, Richard and Good, Benjamin M. and Su, Andrew I. and Kors, Jan A. and den Dunnen, Johan and van Ommen, Gert-Jan B. and Roos, Marco and ‘t Hoen, Peter A.C. and Mons, Barend and Schultes, Erik A.},
	date = {2016-02-26},
	title = {The Implicitome: A Resource for Rationalizing Gene-Disease Associations},
	journaltitle = {{PLoS} {ONE}},
	volume = {11},
	number = {2},
	pages = {e0149621},
	doi = {10.1371/journal.pone.0149621},
}

@software{implicitome_github,
	author = {{BiosemanticsDotOrg}},
	title = {{GeneDiseasePaper}},
	url = {https://github.com/BiosemanticsDotOrg/GeneDiseasePaper},
}

@online{implicitome_data,
	author = {Hettne, Kristina M. and Thompson, Mark and van Haagen, Herman H. H. B. M. and van der Horst, Eelke and Kaliyaperumal, Rajaram and Mina, Eleni and Tatum, Zuotian and Laros, Jeroen F. J. and van Mulligen, Erik M. and Schuemie, Martijn and Aten, Emmelien and Li, Tong Shu and Bruskiewich, Richard and Good, Benjamin M. and Su, Andrew I. and Kors, Jan A. and den Dunnen, Johan and van Ommen, Gert-Jan B. and Roos, Marco and ‘t Hoen, Peter A.C. and Mons, Barend and Schultes, Erik A.},
	title = {Dryad {\textbar} Data -- The implicitome: a resource for rationalizing gene-disease associations},
	url = {https://datadryad.org/stash/dataset/doi:10.5061/dryad.gn219},
}

%% KaBOB

@online{kabob_group,
	author = {{The Regents of the University of Colorado}},
	title = {Computational Bioscience Home {\textbar} School of Medicine},
	url = {https://www.cuanschutz.edu/graduate-programs/computational-bioscience/home},
}

@article{kabob_publication,
	author = {Livingston, Kevin M. and Bada, Michael and Baumgartner, William A. and Hunter, Lawrence E.},
	date = {2015-04-23},
	title = {{KaBOB}: ontology-based semantic integration of biomedical databases},
	journaltitle = {{BMC} Bioinformatics},
	volume = {16},
	number = {1},
	pages = {126},
	doi = {10.1186/s12859-015-0559-3},	
}

@software{kabob_github,
	author = {Livingston, Kevin},
	title = {{KaBOB}},
	url = {https://github.com/drlivingston/kabob},
}

%% KEGG50k

@online{kegg50k_group,
	author = {{University of Galway}},
	title = {Data Science Institute - University of Galway},
	url = {https://www.universityofgalway.ie/dsi},
}

@inproceedings{kegg50k_publication,
	author = {Mohamed, Sameh K. and Nounu, Aayah and Nováček, Vít},
	date = {2019-04-08},
	title = {Drug target discovery using knowledge graph embeddings},
	booktitle = {Proceedings of the 34th {ACM}/{SIGAPP} Symposium on Applied Computing},
	publisher = {Association for Computing Machinery},
	series = {{SAC} '19},
	pages = {11--18},
	doi = {10.1145/3297280.3297282},
}

@misc{kegg50k_data,
	author = {Mohamed, Sameh K.},
	title = {{KEGG}50k-drugtargets},
	url = {https://figshare.com/s/bbfc7b82d17e0b8b6a43},
}

%% KG-COVID-19

@online{kgcovid19_website,
	author = {Reese, Justin},
	title = {{KG}-{COVID}-19 documentation — kg-covid-19 1.0.0 documentation},
	url = {https://kghub.org/kg-covid-19},
}

@article{kgcovid19_publication,
	author = {Reese, Justin T. and Unni, Deepak and Callahan, Tiffany J. and Cappelletti, Luca and Ravanmehr, Vida and Carbon, Seth and Shefchek, Kent A. and Good, Benjamin M. and Balhoff, James P. and Fontana, Tommaso and Blau, Hannah and Matentzoglu, Nicolas and Harris, Nomi L. and Munoz-Torres, Monica C. and Haendel, Melissa A. and Robinson, Peter N. and Joachimiak, Marcin P. and Mungall, Christopher J.},
	date = {2021-01},
	title = {{KG}-{COVID}-19: A Framework to Produce Customized Knowledge Graphs for {COVID}-19 Response},
	journaltitle = {Patterns},
	volume = {2},
	number = {1},
	pages = {100155},
	doi = {10.1016/j.patter.2020.100155},
}

@software{kgcovid19_github,
	author = {Knowledge-Graph-Hub},
	title = {kg-covid-19},
	url = {https://github.com/Knowledge-Graph-Hub/kg-covid-19},
}

@online{kgcovid19_data1,
	author = {Reese, Justin},
	title = {{KG}-{COVID}-19},
	url = {https://github.com/Knowledge-Graph-Hub/kg-covid-19/wiki},
}

@online{kgcovid19_data2,
	author = {{Lawrence Berkeley National Laboratory, Berkeley Bioinformatics Open-source Projects ({BBOP})}},
	title = {Blazegraph Workbench},
	url = {http://kg-hub-rdf.berkeleybop.io/blazegraph/#query},
}

%% KG-Hub

@online{kghub_website,
	author = {{Lawrence Berkeley National Laboratory, Berkeley Bioinformatics Open-source Projects ({BBOP})}},
	title = {Knowledge Graph Hub},
	url = {https://kghub.org},
}

@online{kghub_publication,
	author = {Caufield, J. Harry and Putman, Tim and Schaper, Kevin and Unni, Deepak R. and Hegde, Harshad and Callahan, Tiffany J. and Cappelletti, Luca and Moxon, Sierra {AT} and Ravanmehr, Vida and Carbon, Seth and Chan, Lauren E. and Cortes, Katherina and Shefchek, Kent A. and Elsarboukh, Glass and Balhoff, James P. and Fontana, Tommaso and Matentzoglu, Nicolas and Bruskiewich, Richard M. and Thessen, Anne E. and Harris, Nomi L. and Munoz-Torres, Monica C. and Haendel, Melissa A. and Robinson, Peter N. and Joachimiak, Marcin P. and Mungall, Christopher J. and Reese, Justin T.},
	date = {2023-01-31},
	title = {{KG}-Hub -- Building and Exchanging Biological Knowledge Graphs},
	publisher = {{arXiv}},
	doi = {10.48550/arXiv.2302.10800},
}

@online{kghub_github,
	author = {Unni, Deepak},
	title = {Knowledge-Graph-Hub},
	url = {https://github.com/Knowledge-Graph-Hub},
}

@online{kghub_data,
	author = {{Lawrence Berkeley National Laboratory, Berkeley Bioinformatics Open-source Projects ({BBOP})}},
	title = {{KG}-Hub Index},
	url = {https://kghub.io},
}

%% KG4SL / SynLethKG

@online{kg4sl_group,
	author = {{ShanghaiTech University}},
	title = {Jie Zheng Lab at {ShanghaiTech}},
	url = {https://shanghaitechzhengjielab.github.io/Zhenglab.github.io},
}

@online{kg4sl_website2,
	author = {{Zheng Lab, ShanghaiTech University}},
	title = {{SynLethDB}},
	url = {https://synlethdb.sist.shanghaitech.edu.cn},
}

@article{kg4sl_publication1,
	author = {Wang, Shike and Xu, Fan and Li, Yunyang and Wang, Jie and Zhang, Ke and Liu, Yong and Wu, Min and Zheng, Jie},
	date = {2021-07-12},
	title = {{KG}4SL: knowledge graph neural network for synthetic lethality prediction in human cancers},
	journaltitle = {Bioinformatics},
	volume = {37},
	issue = {Supplement\_1},
	pages = {i418--i425},
	doi = {10.1093/bioinformatics/btab271},
}

@article{kg4sl_publication2,
	author = {Guo, Jing and Liu, Hui and Zheng, Jie},
	date = {2016-01-04},
	title = {{SynLethDB}: synthetic lethality database toward discovery of selective and sensitive anticancer drug targets},
	journaltitle = {Nucleic Acids Research},
	volume = {44},
	issue = {D1},
	pages = {D1011--D1017},
	doi = {10.1093/nar/gkv1108},
}

@software{kg4sl_github1,
	author = {Zheng, Jie},
	title = {{KG}4SL},
	url = {https://github.com/JieZheng-ShanghaiTech/KG4SL},
}

@software{kg4sl_github2,
	author = {Zheng, Jie},
	title = {{SynLethDB}},
	url = {https://github.com/JieZheng-ShanghaiTech/SynLethDB},
}

@online{kg4sl_data1,
	author = {Zheng, Jie},
	title = {{KG}4SL/data at main · {JieZheng}-{ShanghaiTech}/{KG}4SL · {GitHub}},
	url = {https://github.com/JieZheng-ShanghaiTech/KG4SL/tree/main/data},
}

@online{kg4sl_data2,
	author = {{Zheng Lab, ShanghaiTech University}},
	title = {{SynLethDB}: Download},
	url = {https://synlethdb.sist.shanghaitech.edu.cn/#/download},
}

%% KGen

@online{kgen_group,
	author = {{Institute of Computing - State University of Campinas}},
	title = {Institute of Computing},
	url = {https://ic.unicamp.br/en},
}

@article{kgen_publication,
	author = {Rossanez, Anderson and dos Reis, Julio Cesar and Torres, Ricardo da Silva and de Ribaupierre, Hélène},
	date = {2020-12-14},
	title = {{KGen}: a knowledge graph generator from biomedical scientific literature},
	journaltitle = {{BMC} Medical Informatics and Decision Making},
	volume = {20},
	number = {4},
	pages = {314},
	doi = {10.1186/s12911-020-01341-5},
}

@software{kgen_github,
	author = {Rossanez, Anderson},
	title = {{KGen}},
	url = {https://github.com/rossanez/KGen},
}

@online{kgen_data,
	author = {Rossanez, Anderson},
	title = {{KGen}/examples/biomedical at master · rossanez/{KGen} · {GitHub}},
	url = {https://github.com/rossanez/KGen/tree/master/examples/biomedical},
}

%% KIDS

@online{kids_group,
	author = {{The Tagkopoulos Lab}},
	title = {Integrative Biology and Predictive Analytics – @ {UC} {DAVIS}},
	url = {http://tagkopouloslab.ucdavis.edu},
}

@article{kids_publication,
	author = {Youn, Jason and Rai, Navneet and Tagkopoulos, Ilias},
	date = {2022-04-29},
	title = {Knowledge integration and decision support for accelerated discovery of antibiotic resistance genes},
	journaltitle = {Nature Communications},
	volume = {13},
	number = {1},
	pages = {2360},
	doi = {10.1038/s41467-022-29993-z},
}

@software{kids_github,
	author = {Integrative Biology and Predictive Analytics Group},
	title = {Knowledge Integration and Decision Support ({KIDS})},
	url = {https://github.com/IBPA/KIDS},
}

@online{kids_data,
	author = {Integrative Biology and Predictive Analytics Group},
	title = {{KIDS}/kg\_constructor/data at master · {IBPA}/{KIDS} · {GitHub}},
	url = {https://github.com/IBPA/KIDS/tree/master/kg_constructor/data},
}

%% Knowledge4COVID-19 KG

@online{knowledge4covid19_group,
	author = {{L3S Research Center}},
	title = {L3S Research Center - All Projects},
	url = {https://www.l3s.de/research-at-l3s/all-projects},
}

@article{knowledge4covid19_publication,
	author = {Sakor, Ahmad and Jozashoori, Samaneh and Niazmand, Emetis and Rivas, Ariam and Bougiatiotis, Konstantinos and Aisopos, Fotis and Iglesias, Enrique and Rohde, Philipp D. and Padiya, Trupti and Krithara, Anastasia and Paliouras, Georgios and Vidal, Maria-Esther},
	date = {2023-01-01},
	title = {Knowledge4COVID-19: A semantic-based approach for constructing a {COVID}-19 related knowledge graph from various sources and analyzing treatments’ toxicities},
	journaltitle = {Journal of Web Semantics},
	volume = {75},
	pages = {100760},
	doi = {10.1016/j.websem.2022.100760},
}

@software{knowledge4covid19_github,
	title = {Knowledge4COVID-19},
	url = {https://github.com/SDM-TIB/Knowledge4COVID-19},
	author = {Scientific Data Management Group},
}

@software{knowledge4covid19_zenodo,
	author = {Jozashoori, Samaneh and Sakor, Ahmad and Patel, Anery and Rivas, Ariam and Iglesias, Enrique and Wiens, Vitalis and Bougiatiotis, Kostantinos and Aisopos, Fotis and Krithara, Anastasia and Paliouras, George and Vidal, Maria-Esther},
	date = {2021-04-19},
	title = {Knowledge4COVID-19},
	url = {https://zenodo.org/records/4701817},
	publisher = {Zenodo},
	doi = {10.5281/zenodo.4701817},
}

@online{knowledge4covid19_data,
	title = {Virtuoso {SPARQL} Query Editor},
	url = {https://labs.tib.eu/sdm/covid19kg/sparql},
}

%% LMKG

@online{lmkg_group,
	author = {{Department of electronic engineering, Tsinghua University}},
	title = {Department Of Electronic Engineering Tsinghua University},
	url = {https://www.ee.tsinghua.edu.cn/en},
}



@article{lmkg_publication,
	author = {Yang, Peiru and Wang, Hongjun and Huang, Yingzhuo and Yang, Shuai and Zhang, Ya and Huang, Liang and Zhang, Yuesong and Wang, Guoxin and Yang, Shizhong and He, Liang and Huang, Yongfeng},
	date = {2024-01-25},
	title = {{LMKG}: A large-scale and multi-source medical knowledge graph for intelligent medicine applications},
	journaltitle = {Knowledge-Based Systems},
	volume = {284},
	pages = {111323},
	doi = {10.1016/j.knosys.2023.111323},
}

@software{lmkg_github,
	author = {Yang, Peiru and Wang, Hongjun and Huang, Yingzhuo and Yang, Shuai and Zhang, Ya and Huang, Liang and Zhang, Yuesong and Wang, Guoxin and Yang, Shizhong and He, Liang and Huang, Yongfeng},
	title = {{LMKG}},
	url = {https://github.com/ypr17/LMKG},
}

@online{lmkg_data1,
	author = {Yang, Peiru and Wang, Hongjun and Huang, Yingzhuo and Yang, Shuai and Zhang, Ya and Huang, Liang and Zhang, Yuesong and Wang, Guoxin and Yang, Shizhong and He, Liang and Huang, Yongfeng},
	title = {{LMKG} – Google Drive},
	url = {https://drive.google.com/drive/folders/13oDTHUnkgaN__pw_XKGEotmu97odmUpF},
}

@online{lmkg_data2,
	author = {{Department of electronic engineering, Tsinghua University}},
	title = {Neo4j Browser},
	url = {http://43.140.200.9:7474/browser},
}

%% MDKG

@online{mdkg_group,
	author = {{Central China Normal University}},
	title = {Central China Normal University},
	url = {https://www.ccnu.edu.cn},
}

@inproceedings{mdkg_publication,
	author = {Fu, Chengcheng and Zhong, Ran and Jiang, Xiaobin and He, Tingting and Jiang, Xingpeng},
	date = {2020-10-20},
	title = {An Integrated Knowledge Graph for Microbe-Disease Associations},
	booktitle = {Health Information Science},
	publisher = {Springer International Publishing},
	editor = {Huang, Zhisheng and Siuly, Siuly and Wang, Hua and Zhou, Rui and Zhang, Yanchun},
	series = {Lecture Notes in Computer Science},
	pages = {79--90},
	doi = {10.1007/978-3-030-61951-0_8},
}

@software{mdkg_github,
	author = {Fu, Chengcheng},
	title = {{MDKG}},
	url = {https://github.com/ccszbd/MDKG},
}

@online{mdkg_data,
	author = {Fu, Chengcheng},
	title = {{MDKG}/dataset.rar at master · ccszbd/{MDKG} · {GitHub}},
	url = {https://github.com/ccszbd/MDKG/blob/master/dataset.rar},
}

%% Monarch KG

@online{monarchkg_group,
	author = {{The Regents of the University of Colorado}},
	title = {Department of Biomedical Informatics},
	url = {https://medschool.cuanschutz.edu/dbmi},
}

@online{monarchkg_website1,
	author = {{Monarch Initiative}},
	title = {Monarch Initiative},
	url = {https://monarchinitiative.org},
}

@online{monarchkg_website2,
	author = {{Monarch Initiative}},
	title = {monarch-py},
	url = {https://monarch-app.monarchinitiative.org},
}


@article{monarchkg_publication1,
	author = {{McMurry}, Julie A and Köhler, Sebastian and Washington, Nicole L and Balhoff, James P and Borromeo, Charles and Brush, Matthew and Carbon, Seth and Conlin, Tom and Dunn, Nathan and Engelstad, Mark and Foster, Erin and Gourdine, Jean-Philippe and Jacobsen, Julius {OB} and Keith, Daniel and Laraway, Bryan and Xuan, Jeremy Nguyen and Shefchek, Kent and Vasilevsky, Nicole A and Yuan, Zhou and Lewis, Suzanna E and Hochheiser, Harry and Groza, Tudor and Smedley, Damian and Robinson, Peter N and Mungall, Christopher J and Haendel, Melissa A},
	date = {2016-08-01},
	title = {Navigating the Phenotype Frontier: The Monarch Initiative},
	journaltitle = {Genetics},
	volume = {203},
	number = {4},
	pages = {1491--1495},
	doi = {10.1534/genetics.116.188870},
}

@article{monarchkg_publication2,
	author = {Mungall, Christopher J. and {McMurry}, Julie A. and Köhler, Sebastian and Balhoff, James P. and Borromeo, Charles and Brush, Matthew and Carbon, Seth and Conlin, Tom and Dunn, Nathan and Engelstad, Mark and Foster, Erin and Gourdine, J.P. and Jacobsen, Julius O.B. and Keith, Dan and Laraway, Bryan and Lewis, Suzanna E. and {NguyenXuan}, Jeremy and Shefchek, Kent and Vasilevsky, Nicole and Yuan, Zhou and Washington, Nicole and Hochheiser, Harry and Groza, Tudor and Smedley, Damian and Robinson, Peter N. and Haendel, Melissa A.},
	date = {2017-01-04},
	title = {The Monarch Initiative: an integrative data and analytic platform connecting phenotypes to genotypes across species},
	journaltitle = {Nucleic Acids Research},
	volume = {45},
	issue = {D1},
	pages = {D712--D722},
	doi = {10.1093/nar/gkw1128},
}

@article{monarchkg_publication3,
	author = {Putman, Tim E and Schaper, Kevin and Matentzoglu, Nicolas and Rubinetti, Vincent P and Alquaddoomi, Faisal S and Cox, Corey and Caufield, J Harry and Elsarboukh, Glass and Gehrke, Sarah and Hegde, Harshad and Reese, Justin T and Braun, Ian and Bruskiewich, Richard M and Cappelletti, Luca and Carbon, Seth and Caron, Anita R and Chan, Lauren E and Chute, Christopher G and Cortes, Katherina G and De Souza, Vinícius and Fontana, Tommaso and Harris, Nomi L and Hartley, Emily L and Hurwitz, Eric and Jacobsen, Julius O B and Krishnamurthy, Madan and Laraway, Bryan J and {McLaughlin}, James A and {McMurry}, Julie A and Moxon, Sierra A T and Mullen, Kathleen R and O’Neil, Shawn T and Shefchek, Kent A and Stefancsik, Ray and Toro, Sabrina and Vasilevsky, Nicole A and Walls, Ramona L and Whetzel, Patricia L and Osumi-Sutherland, David and Smedley, Damian and Robinson, Peter N and Mungall, Christopher J and Haendel, Melissa A and Munoz-Torres, Monica C},
	date = {2023-11-24},
	title = {The Monarch Initiative in 2024: an analytic platform integrating phenotypes, genes and diseases across species},
	journaltitle = {Nucleic Acids Research},
	pages = {gkad1082},
	doi = {10.1093/nar/gkad1082},
}


@software{monarchkg_github1,
	author = {{Monarch Initiative}},
	title = {monarch\_ingest},
	url = {https://github.com/monarch-initiative/monarch-ingest},
}

@software{monarchkg_github2,
	author = {{Monarch Initiative}},
	title = {Monarch App},
	url = {https://github.com/monarch-initiative/monarch-app},
}

@online{monarchkg_pypi,
	author = {Elsarboukh, Glass and Putman, Tim E and Schaper, Kevin},
	title = {monarch-py · {PyPI}},
	url = {https://pypi.org/project/monarch-py},
}

@online{monarchkg_data,
	author = {{Monarch Initiative}},
	title = {Directory index for https://data.monarchinitiative.org/},
	url = {https://data.monarchinitiative.org},
}

%% Mpox Knowledge Graph

@online{mpoxkg_group,
	author = {{Fraunhofer Institute for Translational Medicine and Pharmacology ITMP}},
	title = {Fraunhofer {ITMP}},
	url = {https://www.itmp.fraunhofer.de/en.html},
}

@online{mpoxkg_website,
	author = {Karki, Reagon},
	title = {Monkeypox Knowledge Graph: A comprehensive representation embedding chemical entities and associated biology of Monkeypox {\textbar} {BioModels}},
	url = {https://www.ebi.ac.uk/biomodels/MODEL2208040001},
}

@article{mpoxkg_publication,
	author = {Karki, Reagon and Gadiya, Yojana and Zaliani, Andrea and Gribbon, Philip},
	date = {2023-01-01},
	title = {Mpox Knowledge Graph: a comprehensive representation embedding chemical entities and associated biology of Mpox},
	journaltitle = {Bioinformatics Advances},
	volume = {3},
	number = {1},
	pages = {vbad045},
	doi = {10.1093/bioadv/vbad045},
}

@software{mpoxkg_github,
	author = {Karki, Reagon and Andrea, Zaliani and Gadiya, Yojana and Gribbon, Philip},
	title = {Monkeypox Knowledge Graph: A comprehensive representation of chemical and biological entities associated with Monkeypox},
	url = {https://github.com/Fraunhofer-ITMP/mpox-kg},
}

@online{mpoxkg_data1,
	author = {Karki, Reagon and Gadiya, Yojana and Andrea, Zaliani and Gribbon, Philip},
	title = {Monkeypox Knowledge Graph: A comprehensive representation embedding chemical entities and associated biology of Monkeypox {\textbar} {BioModels}},
	url = {https://www.ebi.ac.uk/biomodels/MODEL2208040001#Files},
}

@article{mpoxkg_data2,
	title = {Mpox Knowledge Graph: A comprehensive representation of chemical and biological entities associated with Mpox},
	url = {https://zenodo.org/records/7944120},
	author = {Karki, Reagon and Andrea, Zaliani and Gadiya, Yojana and Gribbon, Philip},
	date = {2023-05-17},
}

@online{mpoxkg_data3,
	author = {Karki, Reagon},
	title = {Mpox Knowledge Graph - A comprehensive representation embedding chemical entities and associated biology of Mpox},
	url = {https://doi.org/10.18119/N9SG7D},
}

%% NeDRex

@online{nedrex_website,
	author = {{Prof. Dr. Jan Baumbach, Chair of Computational Systems Biology}},
	title = {{NeDRex}},
	url = {https://nedrex.net},
}

@article{nedrex_publication,
	author = {Sadegh, Sepideh and Skelton, James and Anastasi, Elisa and Bernett, Judith and Blumenthal, David B. and Galindez, Gihanna and Salgado-Albarrán, Marisol and Lazareva, Olga and Flanagan, Keith and Cockell, Simon and Nogales, Cristian and Casas, Ana I. and Schmidt, Harald H. H. W. and Baumbach, Jan and Wipat, Anil and Kacprowski, Tim},
	date = {2021-11-25},
	title = {Network medicine for disease module identification and drug repurposing with the {NeDRex} platform},
	journaltitle = {Nature Communications},
	volume = {12},
	number = {1},
	pages = {6848},
	doi = {10.1038/s41467-021-27138-2},
}

@software{nedrex_github1,
	author = {Skelton, James},
	title = {{NeDRex}},
	url = {https://github.com/repotrial/nedrex},
}

@software{nedrex_github2,
	author = {Sadegh, Sepideh},
	title = {{NeDRexApp}},
	url = {https://github.com/repotrial/NeDRexApp},
}

@software{nedrex_github3,
	author = {Sadegh, Sepideh},
	title = {nedrexdb},
	url = {https://github.com/repotrial/nedrexdb},
}

@online{nedrex_cytoscape,
	title = {Cytoscape App Store - {NeDRex}},
	url = {https://apps.cytoscape.org/apps/nedrex},
}

@online{nedrex_data1,
	author = {Sadegh, Sepideh and Skelton, James},
	title = {{NeDRexDB}},
	url = {https://api.nedrex.net},
}

@online{nedrex_data2,
	author = {Sadegh, Sepideh and Skelton, James},
	title = {{NeDRexDB} - Neo4j},
	url = {http://neo4j.nedrex.net},
}

%% Neo4COVID-19

@online{neo4covid19_group,
	author = {National Center for Advancing Translational Sciences},
	title = {National Center for Advancing Translational Sciences},
	url = {https://ncats.nih.gov},
}

@online{neo4covid19_website,
	author = {{National Center for Advancing Translational Sciences (NCATS)}},
	title = {Neo4COVID-19},
	url = {https://web.archive.org/web/20210621192816/https://neo4covid19.ncats.io},
}

@article{neo4covid19_publication,
	author = {Zahoránszky-Kőhalmi, Gergely and Siramshetty, Vishal B. and Kumar, Praveen and Gurumurthy, Manideep and Grillo, Busola and Mathew, Biju and Metaxatos, Dimitrios and Backus, Mark and Mierzwa, Tim and Simon, Reid and Grishagin, Ivan and Brovold, Laura and Mathé, Ewy A. and Hall, Matthew D. and Michael, Samuel G. and Godfrey, Alexander G. and Mestres, Jordi and Jensen, Lars J. and Oprea, Tudor I.},
	date = {2022-02-14},
	title = {A Workflow of Integrated Resources to Catalyze Network Pharmacology Driven {COVID}-19 Research},
	journaltitle = {Journal of Chemical Information and Modeling},
	volume = {62},
	number = {3},
	pages = {718--729},
	doi = {10.1021/acs.jcim.1c00431},
}

@software{neo4covid19_github,
	author = {{National Center for Advancing Translational Sciences (NCATS)}},
	title = {neo4covid19},
	url = {https://github.com/ncats/neo4covid19},
}

@online{neo4covid19_data,
	author = {{National Center for Advancing Translational Sciences (NCATS)}},
	title = {Neo4j Data Browser},
	url = {https://aspire.covid19.ncats.io:7473},
}

%% NGLY1 Deficiency Knowledge Graph

@online{ngly1dkg_group,
	author = {The Su Lab},
	title = {The Su Lab {\textbar} Quantitative methods in biomedical discovery},
	url = {https://sulab.org},
}

@article{ngly1dkg_publication,
	author = {Queralt-Rosinach, Núria and Stupp, Gregory S and Li, Tong Shu and Mayers, Michael and Hoatlin, Maureen E and Might, Matthew and Good, Benjamin M and Su, Andrew I},
	date = {2020-01-01},
	title = {Structured reviews for data and knowledge-driven research},
	journaltitle = {Database},
	volume = {2020},
	pages = {baaa015},
	doi = {10.1093/database/baaa015},	
}

@software{ngly1dkg_github1,
	author = {Su Lab},
	title = {The {NGLY}1 Deficiency Knowledge Graph},
	url = {https://github.com/SuLab/ngly1-graph},
}

@software{ngly1dkg_github2,
	author = {Su Lab},
	title = {{BioKnowledge} reviewer library},
	url = {https://github.com/SuLab/bioknowledge-reviewer},
}

@online{ngly1dkg_data1,
	author = {Su Lab},
	title = {ngly1-graph/neo4j-graphs at master · {SuLab}/ngly1-graph},
	url = {https://github.com/SuLab/ngly1-graph/tree/master/neo4j-graphs},
}

@online{ngly1dkg_data2,
	author = {Su Lab},
	title = {Neo4j Browser},
	url = {https://web.archive.org/web/20211204195413/http://ngly1graph.org/browser},
}

%% OpenBioLink

@online{openbiolink_group,
	author = {Medical University Vienna},
	title = {Section for Artificial Intelligence and Decision Support, {CeMSIIS}, {MedUni} Vienna},
	url = {https://www.ai.meduniwien.ac.at/en},
}

@online{openbiolink_website,
	author = {Ott, Simon and Silva, Adriano Barbosa da and Samwald, Matthias},
	title = {{OpenBioLink}2021 Challenge},
	url = {https://openbiolink.github.io},
}

@article{openbiolink_publication,
	author = {Breit, Anna and Ott, Simon and Agibetov, Asan and Samwald, Matthias},
	date = {2020-07-13},
	title = {{OpenBioLink}: a benchmarking framework for large-scale biomedical link prediction},
	journaltitle = {Bioinformatics},
	volume = {36},
	number = {13},
	pages = {4097--4098},
	doi = {10.1093/bioinformatics/btaa274},
}

@software{openbiolink_github,
	author = {{OpenBioLink}},
	title = {{OpenBioLink}},
	url = {https://github.com/OpenBioLink/OpenBioLink},
}

@online{openbiolink_pypi,
	author = {{OpenBioLink}},
	title = {openbiolink · {PyPI}},
	url = {https://pypi.org/project/openbiolink},
}

@online{openbiolink_data1,
	author = {Ott, Simon and Silva, Adriano Barbosa da and Samwald, Matthias},
	title = {{OpenBioLink}2021 Challenge},
	url = {https://openbiolink.github.io/dataset},
}

@misc{openbiolink_data2,
	author = {Breit, Anna and Ott, Simon and Agibetov, Asan and Samwald, Matthias},
	date = {2020-04-27},
	title = {{OpenBioLink}2020},
	publisher = {Zenodo},	
	doi = {10.5281/zenodo.5361324},
}

%% OREGANO

@online{oregano_group,
	author = {Bordeaux population health – Université de Bordeaux},
	title = {{AHeaD} {\textbar} Bordeaux population health},
	url = {https://www.bordeaux-population-health.center/the-teams/ahead},
}

@inproceedings{oregano_publication1,
	author = {Boudin, Marina},
	date = {2020-10-19},
	title = {Computational Approaches for Drug Repositioning: Towards a Holistic Perspective based on Knowledge Graphs},
	booktitle = {Proceedings of the 29th {ACM} International Conference on Information \& Knowledge Management},
	publisher = {Association for Computing Machinery},
	series = {{CIKM} '20},
	pages = {3225--3228},
	doi = {10.1145/3340531.3418510},
}

@article{oregano_publication2,
	author = {Boudin, Marina and Diallo, Gayo and Drancé, Martin and Mougin, Fleur},
	date = {2023-12-06},
	title = {The {OREGANO} knowledge graph for computational drug repurposing},
	journaltitle = {Scientific Data},
	volume = {10},
	pages = {871},
	number = {1},
	doi = {10.1038/s41597-023-02757-0},
}

@software{oregano_gitlab,
	author = {{ERIAS}},
	title = {oregano · {GitLab}},
	url = {https://gitub.u-bordeaux.fr/erias/oregano},
}

@online{oregano_data1,
	author = {{ERIAS}},
	title = {Data\_OREGANO/Graphs · oregano · {GitLab}},
	url = {https://gitub.u-bordeaux.fr/erias/oregano/-/tree/master/Data_OREGANO/Graphs},
}

@online{oregano_data2,
	author = {Boudin, Marina and Mougin, Fleur and Diallo, Gayo and Drancé, Martin},
	date = {2023-11-10},
	title = {The {OREGANO} knowledge graph for computational drug repurposing},
	publisher = {Zenodo},
	doi = {10.5281/zenodo.10103842},
}

@online{oregano_data3,
	author = {Boudin, Marina and Mougin, Fleur and Diallo, Gayo and Drancé, Martin},
	date = {2023-07-12},
	title = {The {OREGANO} knowledge graph for computational drug repurposing},
	publisher = {figshare},
	doi = {10.6084/m9.figshare.23553114.v3},
}

@online{oregano_data4,
	author = {{ERIAS}},
	title = {Blazegraph Workbench},
	url = {http://91.121.148.199:8889/bigdata/#query},
}

%% Otter-Knowledge

@online{otter_group,
	author = {International Business Machines},
	title = {International Business Machines · {GitHub}},
	url = {https://github.com/IBM},
}

@online{otter_website,
	author = {Galindo, Marcos Martinez},
	title = {Otter-Knowledge},
	url = {https://medium.com/ibm-data-ai/otter-knowledge-2400afe3fe17},
}

@online{otter_publication,
	author = {Lam, Hoang Thanh and Sbodio, Marco Luca and Galindo, Marcos Martínez and Zayats, Mykhaylo and Fernández-Díaz, Raúl and Valls, Víctor and Picco, Gabriele and Ramis, Cesar Berrospi and López, Vanessa},
	date = {2023-10-19},
	title = {Otter-Knowledge: benchmarks of multimodal knowledge graph representation learning from different sources for drug discovery},
	publisher = {{arXiv}},
	doi = {10.48550/arXiv.2306.12802},
}

@software{otter_github,
	author = {International Business Machines},
	title = {Otter Knowledge},
	url = {https://github.com/IBM/otter-knowledge},
}

@online{otter_data1,
	author = {IBM},
	title = {ibm/otter\_uniprot\_bindingdb\_chembl · Datasets at Hugging Face},
	url = {https://huggingface.co/datasets/ibm/otter_uniprot_bindingdb_chembl},
}

@online{otter_data2,
	author = {IBM},
	title = {ibm/otter\_stitch · Datasets at Hugging Face},
	url = {https://huggingface.co/datasets/ibm/otter_stitch},
}

@online{otter_data3,
	author = {IBM},
	title = {ibm/otter\_primekg · Datasets at Hugging Face},
	url = {https://huggingface.co/datasets/ibm/otter_primekg},
}

@online{otter_data4,
	author = {IBM},
	title = {ibm/otter\_dude · Datasets at Hugging Face},
	url = {https://huggingface.co/datasets/ibm/otter_dude},
}

%% PGxLOD

@online{pgxlod_group1,
	author = {French National Research Agency (ANR)},
	title = {{PractiKPharma} Project Homepage},
	url = {https://practikpharma.mystrikingly.com},
}

@online{pgxlod_group2,
	author = {LORIA Laboratoire lorrain de recherche en informatique et ses applications},
	title = {Loria},
	url = {https://www.loria.fr/en},
}

@online{pgxlod_website,
	author = {Loria},
	title = {{PGxLOD}},
	url = {https://pgxlod.loria.fr},
}

@article{pgxlod_publication1,
	author = {Dalleau, Kevin and Marzougui, Yassine and Da Silva, Sébastien and Ringot, Patrice and Ndiaye, Ndeye Coumba and Coulet, Adrien},
	date = {2017-04-20},
	title = {Learning from biomedical linked data to suggest valid pharmacogenes},
	journaltitle = {Journal of Biomedical Semantics},
	volume = {8},
	number = {1},
	pages = {1--12},
	doi = {10.1186/s13326-017-0125-1},
}

@article{pgxlod_publication2,
	author = {Monnin, Pierre and Legrand, Joël and Husson, Graziella and Ringot, Patrice and Tchechmedjiev, Andon and Jonquet, Clément and Napoli, Amedeo and Coulet, Adrien},
	date = {2019-04-18},
	title = {{PGxO} and {PGxLOD}: a reconciliation of pharmacogenomic knowledge of various provenances, enabling further comparison},
	journaltitle = {{BMC} Bioinformatics},
	volume = {20},
	number = {4},
	pages = {1--16},
	doi = {10.1186/s12859-019-2693-9},
}

@software{pgxlod_github1,
	author = {Marzougui, Yassine},
	title = {{RDF}-data-mining},
	url = {https://github.com/yassmarzou/pgx-lod-mining},
}

@software{pgxlod_github2,
	author = {Monnin, Pierre},
	title = {pgxlod-reconciliation-rules},
	url = {https://github.com/practikpharma/pgxlod-reconciliation-rules},
}

@online{pgxlod_data1,
	author = {Loria},
	title = {Virtuoso {SPARQL} Query Editor},
	url = {https://pgxlod.loria.fr/sparql},
}

@online{pgxlod_data2,
	author = {Loria},
	title = {Precision Search \& Find},
	url = {https://pgxlod.loria.fr/fct},
}

%% PharMeBINet

@online{pharmebinet_group,
	author = {Universität Bielefeld},
	title = {Bioinformatics / Medical Informatics Department},
	url = {https://www.techfak.uni-bielefeld.de/ags/bi},
}

@online{pharmebinet_website,
	author = {Bielefeld University, Department Bioinformatics and medical informatics},
	title = {{PharMeBINet}},
	url = {https://pharmebi.net},
}

@article{pharmebinet_publication,
	author = {Königs, Cassandra and Friedrichs, Marcel and Dietrich, Theresa},
	date = {2022-07-11},
	title = {The heterogeneous pharmacological medical biochemical network {PharMeBINet}},
	journaltitle = {Scientific Data},
	volume = {9},
	number = {1},
	pages = {393},
	doi = {10.1038/s41597-022-01510-3},
}

@software{pharmebinet_github,
	author = {Königs, Cassandra},
	title = {{PharMeBINet}: The heterogeneous pharmacological medical biochemical network},
	url = {https://github.com/ckoenigs/PharMeBINet},
}

@online{pharmebinet_data1,
	author = {Bielefeld University, Department Bioinformatics and medical informatics},
	title = {{PharMeBINet}: Downloads},
	url = {https://pharmebi.net/#/download},
}

@misc{pharmebinet_data2,
	author = {Königs, Cassandra},
	date = {2022-05-14},
	title = {{PharMeBINet}},
	publisher = {Zenodo},
	doi = {10.5281/zenodo.6578218},
}

%% PharmKG

@online{pharmkg_group,
	author = {Sun Yat-Sen University},
	title = {Sun Yat-Sen University: Research Institutes},
	url = {https://www.sysu.edu.cn/sysuen/Research1/ResearchInstitutes/National_Level.htm},
}

@article{pharmkg_publication,
	author = {Zheng, Shuangjia and Rao, Jiahua and Song, Ying and Zhang, Jixian and Xiao, Xianglu and Fang, Evandro Fei and Yang, Yuedong and Niu, Zhangming},
	date = {2021-07-01},
	title = {{PharmKG}: a dedicated knowledge graph benchmark for bomedical data mining},
	journaltitle = {Briefings in Bioinformatics},
	volume = {22},
	number = {4},
	pages = {bbaa344},
	doi = {10.1093/bib/bbaa344},
}

@software{pharmkg_github,
	author = {{MindRank}-Biotech},
	title = {{PharmKG}},
	url = {https://github.com/MindRank-Biotech/PharmKG},
}

@online{pharmkg_data,
	author = {Zheng, Shuangjia and Rao, Jiahua and Song, Ying and Zhang, Jixian and Xiao, Xianglu and Fang, Evandro Fei and Yang, Yuedong and Niu, Zhangming},
	date = {2020-10-10},
	title = {{PharmKG}: A Dedicated Knowledge Graph Benchmark for Biomedical Data Mining},
	publisher = {Zenodo},
	doi = {10.5281/zenodo.4525237},
}

%% PheKnowLator

@online{pheknowlator_group,
	author = {The Regents of the University of Colorado},
	title = {Computational Bioscience Home {\textbar} School of Medicine},
	url = {https://www.cuanschutz.edu/graduate-programs/computational-bioscience/home},
}

@online{pheknowlator_website,
	author = {Translational Research Informatics Team},
	title = {{PheKnowLator}},
	url = {https://github.com/callahantiff/PheKnowLator/wiki},
}

@misc{pheknowlator_publication1,
	author = {Callahan, Tiffany J. and Tripodi, Ignacio J. and Hunter, Lawrence E. and Baumgartner, William A.},
	date = {2020-05-02},
	title = {A Framework for Automated Construction of Heterogeneous Large-Scale Biomedical Knowledge Graphs},
	publisher = {{bioRxiv}},
	doi = {10.1101/2020.04.30.071407},
}

@online{pheknowlator_publication2,
	author = {Callahan, Tiffany J. and Tripodi, Ignacio J. and Stefanski, Adrianne L. and Cappelletti, Luca and Taneja, Sanya B. and Wyrwa, Jordan M. and Casiraghi, Elena and Matentzoglu, Nicolas A. and Reese, Justin and Silverstein, Jonathan C. and Hoyt, Charles Tapley and Boyce, Richard D. and Malec, Scott A. and Unni, Deepak R. and Joachimiak, Marcin P. and Robinson, Peter N. and Mungall, Christopher J. and Cavalleri, Emanuele and Fontana, Tommaso and Valentini, Giorgio and Mesiti, Marco and Gillenwater, Lucas A. and Santangelo, Brook and Vasilevsky, Nicole A. and Hoehndorf, Robert and Bennett, Tellen D. and Ryan, Patrick B. and Hripcsak, George and Kahn, Michael G. and Bada, Michael and Baumgartner Jr, William A. and Hunter, Lawrence E.},
	date = {2023-07-11},
	title = {An Open-Source Knowledge Graph Ecosystem for the Life Sciences},
	publisher = {{arXiv}},
	doi = {10.48550/arXiv.2307.05727},
}

@software{pheknowlator_github,
	author = {Callahan, Tiffany J.},
	title = {{PheKnowLator}},
	url = {https://github.com/callahantiff/PheKnowLator},
}

@online{pheknowlator_pypi,
	author = {Tiffany J. Callahan, William A. Baumgartner},
	title = {pkt-kg · {PyPI}},
	url = {https://pypi.org/project/pkt-kg},
}

@online{pheknowlator_zenodo,
	author = {PheKnowLator Ecosystem Developers},
	title = {Search {PheKnowLator}},
	url = {https://zenodo.org/communities/pheknowlator-ecosystem},
}

@online{pheknowlator_data1,
	author = {Callahan, Tiffany J.},
	title = {Archived Builds},
	url = {https://github.com/callahantiff/PheKnowLator/wiki/Archived-Builds},
}

@misc{pheknowlator_data2,
	author = {PheKnowLator Ecosystem Developers},
	date = {2023-11-01},
	title = {{PheKnowLator} Human Disease Knowledge Graph Benchmarks Archive},
	publisher = {Zenodo},
	doi = {10.5281/zenodo.10065431},
}

@online{pheknowlator_data3,
	author = {PheKnowLator Ecosystem Developers},
	title = {pheknowlator – Bucket-Details – Cloud Storage – Google Cloud Console},
	url = {https://console.cloud.google.com/storage/browser/pheknowlator},
}

%% PrimeKG

@online{primekg_group,
	author = {Zitnik, Marinka},
	title = {Artificial Intelligence for Medicine and Science},
	url = {https://zitniklab.hms.harvard.edu},
}

@online{primekg_website,
	author = {Zitnik, Marinka},
	title = {Precision Medicine Oriented Knowledge Graph},
	url = {https://zitniklab.hms.harvard.edu/projects/PrimeKG},
}

@article{primekg_publication,
	author = {Chandak, Payal and Huang, Kexin and Zitnik, Marinka},
	date = {2023-02-02},
	title = {Building a knowledge graph to enable precision medicine},
	journaltitle = {Scientific Data},
	volume = {10},
	number = {1},
	pages = {67},
	doi = {10.1038/s41597-023-01960-3},
}

@software{primekg_github,
	author = {{mims-harvard}},
	title = {{PrimeKG}},
	url = {https://github.com/mims-harvard/PrimeKG},
}

@misc{primekg_data,
	author = {Chandak, Payal},
	date = {2022-05-02},
	title = {{PrimeKG}},
	publisher = {Harvard Dataverse},
	doi = {10.7910/DVN/IXA7BM},
}

%% PubChemRDF

@online{pubchemrdf_group,
	author = {{PubChem}},
	title = {{PubChem}},
	url = {https://pubchem.ncbi.nlm.nih.gov},
}

@online{pubchemrdf_website,
	author = {{PubChem}},
	title = {{PubChemRDF}},
	url = {https://pubchem.ncbi.nlm.nih.gov/docs/rdf},
}

@article{pubchemrdf_publication1,
	author = {Fu, Gang and Batchelor, Colin and Dumontier, Michel and Hastings, Janna and Willighagen, Egon and Bolton, Evan},
	date = {2015-07-14},
	title = {{PubChemRDF}: towards the semantic annotation of {PubChem} compound and substance databases},
	journaltitle = {Journal of Cheminformatics},
	volume = {7},
	number = {1},
	pages = {34},
	doi = {10.1186/s13321-015-0084-4},
}

@article{pubchemrdf_publication2,
	author = {Kim, Sunghwan and Chen, Jie and Cheng, Tiejun and Gindulyte, Asta and He, Jia and He, Siqian and Li, Qingliang and Shoemaker, Benjamin A and Thiessen, Paul A and Yu, Bo and Zaslavsky, Leonid and Zhang, Jian and Bolton, Evan E},
	date = {2023-01-06},
	title = {{PubChem} 2023 update},
	journaltitle = {Nucleic Acids Research},
	volume = {51},
	issue = {D1},
	pages = {D1373--D1380},
	doi = {10.1093/nar/gkac956},
}

@online{pubchemrdf_data1,
	author = {{PubChem}},
	title = {{FTP} Download},
	url = {https://pubchem.ncbi.nlm.nih.gov/docs/rdf-ftp},
}

@online{pubchemrdf_data2,
	author = {{PubChem}},
	title = {Loading {PubChemRDF}},
	url = {https://pubchem.ncbi.nlm.nih.gov/docs/rdf-load},
}

@online{pubchemrdf_data3,
	author = {{PubChem}},
	title = {{RESTful} Interface},
	url = {https://pubchem.ncbi.nlm.nih.gov/docs/rdf-rest},
}

%% PyKEEN

@online{pykeen_group,
	author = {Lehmann, Jens},
	title = {Smart Data Analytics},
	url = {https://sda.tech},
}

@online{pykeen_website,
	author = {{PyKEEN} Project Team},
	title = {{PyKEEN}},
	url = {https://pykeen.readthedocs.io},
}

@inproceedings{pykeen_publication1,
	author = {Ali, Mehdi and Jabeen, Hajira and Hoyt, Charles Tapley and Lehmann, Jens},
	date = {2019-10-17},
	title = {The {KEEN} Universe},
	booktitle = {The Semantic Web – {ISWC} 2019},
	publisher = {Springer International Publishing},
	editor = {Ghidini, Chiara and Hartig, Olaf and Maleshkova, Maria and Svátek, Vojtěch and Cruz, Isabel and Hogan, Aidan and Song, Jie and Lefrançois, Maxime and Gandon, Fabien},
	series = {Lecture Notes in Computer Science},
	pages = {3--18},
	doi = {10.1007/978-3-030-30796-7_1},
}

@article{pykeen_publication2,
	author = {Ali, Mehdi and Hoyt, Charles Tapley and Domingo-Fernández, Daniel and Lehmann, Jens and Jabeen, Hajira},
	date = {2019-09-15},
	title = {{BioKEEN}: a library for learning and evaluating biological knowledge graph embeddings},
	journaltitle = {Bioinformatics},
	volume = {35},
	number = {18},
	pages = {3538--3540},
	doi = {10.1093/bioinformatics/btz117},
}

@article{pykeen_publication3,
	author = {Ali, Mehdi and Berrendorf, Max and Hoyt, Charles Tapley and Vermue, Laurent and Sharifzadeh, Sahand and Tresp, Volker and Lehmann, Jens},
	date = {2021-01-01},
	title = {{PyKEEN} 1.0: a Python library for training and evaluating knowledge graph embeddings},
	journaltitle = {The Journal of Machine Learning Research},
	volume = {22},
	number = {1},
	pages = {82:3723--82:3728},
	url = {http://jmlr.org/papers/v22/20-825.html},
}

@software{pykeen_github,
	author = {{PyKEEN}},
	title = {{PyKEEN}},
	url = {https://github.com/pykeen/pykeen},
}

@online{pykeen_pypi,
	author = {Ali, Mehdi and Berrendorf, Max and Hoyt, Charles Tapley and Vermue, Laurent},
	title = {pykeen · {PyPI}},
	url = {https://pypi.org/project/pykeen},
}

@online{pykeen_data1,
	author = {{PyKEEN} Project Team},
	title = {Datasets — pykeen 1.10.2-dev documentation},
	url = {https://pykeen.readthedocs.io/en/latest/reference/datasets.html},
}

@online{pykeen_data2,
	author = {{PyKEEN}},
	title = {pykeen/src/pykeen/datasets at master · pykeen/pykeen · {GitHub}},
	url = {https://github.com/pykeen/pykeen/tree/master/src/pykeen/datasets},
}

%% Rare diseases integrative KG

@online{rdikg_group,
	author = {National Center for Advancing Translational Sciences},
	title = {Divisions and Offices {\textbar} National Center for Advancing Translational Sciences},
	url = {https://ncats.nih.gov/about/divisions-and-offices},
}

@article{rdikg_publication,
	author = {Zhu, Qian and Nguyen, Dac-Trung and Grishagin, Ivan and Southall, Noel and Sid, Eric and Pariser, Anne},
	date = {2020-12},
	title = {An integrative knowledge graph for rare diseases, derived from the Genetic and Rare Diseases Information Center ({GARD})},
	journaltitle = {Journal of Biomedical Semantics},
	volume = {11},
	number = {1},
	pages = {1--13},
	doi = {10.1186/s13326-020-00232-y},
}

@software{rdikg_github,
	author = {National Center for Advancing Translational Sciences},
	title = {Stitcher},
	url = {https://github.com/ncats/stitcher},
}

@online{rdikg_data,
	author = {National Center for Advancing Translational Sciences},
	title = {Neo4j Browser},
	url = {https://disease.ncats.io},
}

%% RDKG-115

@online{rdkg115_group,
	author = {Intelligent Medicine Institute, Fudan University},
	title = {Intelligent Medicine Institute, Fudan University},
	url = {https://imien.fudan.edu.cn},
}

@article{rdkg115_publication,
	author = {Zhu, Chaoyu and Xia, Xiaoqiong and Li, Nan and Zhong, Fan and Yang, Zhihao and Liu, Lei},
	date = {2023-09-01},
	title = {{RDKG}-115: Assisting drug repurposing and discovery for rare diseases by trimodal knowledge graph embedding},
	journaltitle = {Computers in Biology and Medicine},
	volume = {164},
	pages = {107262},
	doi = {10.1016/j.compbiomed.2023.107262},
}

@software{rdkg115_github,
	author = {Zhu, Chaoyu},
	title = {{RDKG}-115},
	url = {https://github.com/ZhuChaoY/RDKG-115},
}

@online{rdkg115_data1,
	author = {Zhu, Chaoyu},
	title = {{RDKG}-115/Model/{KG} at main · {ZhuChaoY}/{RDKG}-115 · {GitHub}},
	url = {https://github.com/ZhuChaoY/RDKG-115/tree/main/Model/KG},
}

@online{rdkg115_data2,
	author = {Zhu, Chaoyu},
	title = {{RDKG}-115/{RDKG}-115 at main · {ZhuChaoY}/{RDKG}-115 · {GitHub}},
	url = {https://github.com/ZhuChaoY/RDKG-115/tree/main/RDKG-115},
}

%% Reactome Graph Database

@online{reactome_group,
	author = {Reactome},
	title = {Team - Reactome Pathway Database},
	url = {https://reactome.org/about/team},
}

@online{reactome_website,
	author = {Reactome},
	title = {Graph Database - Reactome Pathway Database},
	url = {https://reactome.org/dev/graph-database},
}


@article{reactome_publication1,
	author = {Joshi-Tope, G. and Gillespie, M. and Vastrik, I. and D'Eustachio, P. and Schmidt, E. and de Bono, B. and Jassal, B. and Gopinath, G.R. and Wu, G.R. and Matthews, L. and Lewis, S. and Birney, E. and Stein, L.},
	date = {2005-01-01},
	title = {Reactome: a knowledgebase of biological pathways},
	journaltitle = {Nucleic Acids Research},
	volume = {33},
	issue = {suppl\_1},
	pages = {D428--D432},
	doi = {10.1093/nar/gki072},
}

@article{reactome_publication2,
	author = {Fabregat, Antonio and Korninger, Florian and Viteri, Guilherme and Sidiropoulos, Konstantinos and Marin-Garcia, Pablo and Ping, Peipei and Wu, Guanming and Stein, Lincoln and D’Eustachio, Peter and Hermjakob, Henning},
	date = {2018-01-29},
	title = {Reactome graph database: Efficient access to complex pathway data},
	journaltitle = {{PLOS} Computational Biology},
	volume = {14},
	number = {1},
	pages = {e1005968},
	doi = {10.1371/journal.pcbi.1005968},
}

@software{reactome_github1,
	author = {Reactome},
	title = {Reactome Graph Database},
	url = {https://github.com/reactome/graph-core},
}

@software{reactome_github2,
	author = {Reactome},
	title = {Reactome Graph Database Batch Importer},
	url = {https://github.com/reactome/graph-importer},
}

@online{reactome_data1,
	author = {Reactome},
	title = {Download - Reactome Pathway Database},
	url = {https://reactome.org/download-data},
}

@online{reactome_data2,
	author = {Reactome},
	title = {Content Service - Reactome Pathway Database},
	url = {https://reactome.org/dev/content-service},
}

%% RNA-KG

@online{rnakg_group,
	author = {AnacletoLAB},
	title = {{AnacletoLAB} - Computational Biology and Bioinformatics},
	url = {https://anacletolab.di.unimi.it},
}

@misc{rnakg_publication1,
	author = {Cavalleri, Emanuele and Cabri, Alberto and Soto-Gomez, Mauricio and Bonfitto, Sara and Perlasca, Paolo and Gliozzo, Jessica and Callahan, Tiffany J. and Reese, Justin and Robinson, Peter N. and Casiraghi, Elena and Valentini, Giorgio and Mesiti, Marco},
	date = {2023-11-30},
	title = {{RNA}-{KG}: An ontology-based knowledge graph for representing interactions involving {RNA} molecules},
	publisher = {{arXiv}},
	doi = {10.48550/arXiv.2312.00183},
}

@inproceedings{rnakg_publication2,
	author = {Cavalleri, Emanuele and Bonfitto, Sara and Cabri, Alberto and Gliozzo, Jessica and Perlasca, Paolo and Soto-Gomez, Mauricio and Trucco, Gabriella and Casiraghi, Elena and Valentini, Giorgio and Mesiti, Marco},
	date = {2023},
	title = {A Meta-Graph for the Construction of an {RNA}-Centered Knowledge Graph},
	booktitle = {Bioinformatics and Biomedical Engineering},
	series = {Lecture Notes in Computer Science},
	publisher = {Springer Nature Switzerland},
	editor = {Rojas, Ignacio and Valenzuela, Olga and Rojas Ruiz, Fernando and Herrera, Luis Javier and Ortuño, Francisco},
	pages = {165--180},
	doi = {10.1007/978-3-031-34953-9_13},
}

@software{rnakg_github,
	author = {{AnacletoLab}},
	title = {{RNA}-{KG}},
	url = {https://github.com/AnacletoLAB/RNA-KG},
}

@online{rnakg_data1,
	author = {Cavalleri, Emanuele},
	date = {2023-12-22},
	title = {{RNA}-{KG}},
	url = {https://zenodo.org/records/10078876},
	doi = {10.5281/zenodo.10078876},
}

@online{rnakg_data2,
	author = {Cavalleri, Emanuele},
	title = {Blazegraph Workbench},
	url = {http://fievel.anacleto.di.unimi.it:9999/blazegraph/#splash},
}

%% ROBOKOP

@online{robokop_group,
	author = {Renaissance Computing Institute},
	title = {{RENCI} - Renaissance Computing Institute at {UNC}},
	url = {https://renci.org},
}

@online{robokop_website1,
	author = {Renaissance Computing Institute},
	title = {{ROBOKOP}},
	url = {https://robokop.renci.org},
}

@online{robokop_website2,
	author = {Renaissance Computing Institute},
	title = {{ROBOKOP} U24 · {GitHub}},
	url = {https://github.com/RobokopU24},
}

@article{robokop_publication1,
	author = {Morton, Kenneth and Wang, Patrick and Bizon, Chris and Cox, Steven and Balhoff, James and Kebede, Yaphet and Fecho, Karamarie and Tropsha, Alexander},
	date = {2019-12-15},
	title = {{ROBOKOP}: an abstraction layer and user interface for knowledge graphs to support question answering},
	journaltitle = {Bioinformatics},
	volume = {35},
	number = {24},
	pages = {5382--5384},
	doi = {10.1093/bioinformatics/btz604},
}

@article{robokop_publication2,
	author = {Bizon, Chris and Cox, Steven and Balhoff, James and Kebede, Yaphet and Wang, Patrick and Morton, Kenneth and Fecho, Karamarie and Tropsha, Alexander},
	date = {2019-12-23},
	title = {{ROBOKOP} {KG} and {KGB}: Integrated Knowledge Graphs from Federated Sources},
	journaltitle = {Journal of Chemical Information and Modeling},
	volume = {59},
	number = {12},
	pages = {4968--4973},
	doi = {10.1021/acs.jcim.9b00683},
}

@software{robokop_github,
	author = {Morton, Kenneth and Wang, Max and Mandal, Sudeep and Wang, Patrick and Bizon, Chris and Kebede, Yaphet and Cox, Steven and Morris, Evan},
	title = {robokop},
	url = {https://github.com/NCATS-Gamma/robokop},
}

@online{robokop_data1,
	author = {Renaissance Computing Institute},
	title = {Index of /var/plater/bl-3.5.4/{RobokopKG}/929354295ba7d43c/},
	url = {https://stars.renci.org/var/plater/bl-3.5.4/RobokopKG/929354295ba7d43c},
}

@online{robokop_data2,
	author = {Renaissance Computing Institute},
	title = {Neo4j Browser},
	url = {http://robokopkg.renci.org/browser},
}

@online{robokop_data3,
	author = {Renaissance Computing Institute},
	title = {ROBOKOP KG},
	url = {https://robokop.renci.org/api-docs/docs/automat/robokop-kg},
}

%% Rosalind KG

@online{rosalind_group1,
	author = {ROSALIND, Inc.},
	title = {Discovery Platform \& Data Hub for Scientists {\textbar} {ROSALIND}},
	url = {https://www.rosalind.bio},
}

@online{rosalind_group2,
	author = {{BenevolentAI}},
	title = {{BenevolentAI} {\textbar} {AI} Drug Discovery {\textbar} {AI} Pharma},
	url = {https://www.benevolent.com},
}

@online{rosalind_website,
	author = {ROSALIND, Inc.},
	title = {Knowledge Graph \& Search},
	url = {https://www.rosalind.bio/knowledge-graph},
}

@article{rosalind_publication,
	author = {Paliwal, Saee and de Giorgio, Alex and Neil, Daniel and Michel, Jean-Baptiste and Lacoste, Alix {MB}},
	date = {2020-10-26},
	title = {Preclinical validation of therapeutic targets predicted by tensor factorization on heterogeneous graphs},
	journaltitle = {Scientific Reports},
	volume = {10},
	number = {1},
	pages = {18250},
	doi = {10.1038/s41598-020-74922-z},
}

%% RPath

@online{rpath_group,
	author = {Enveda Therapeutics, Inc.},
	title = {Enveda Biosciences {\textbar} Plant-Powered Drug Discovery},
	url = {https://www.envedabio.com},
}

@article{rpath_publication,
	author = {Domingo-Fernández, Daniel and Gadiya, Yojana and Patel, Abhishek and Mubeen, Sarah and Rivas-Barragan, Daniel and Diana, Chris W. and Misra, Biswapriya B. and Healey, David and Rokicki, Joe and Colluru, Viswa},
	date = {2022-02-25},
	title = {Causal reasoning over knowledge graphs leveraging drug-perturbed and disease-specific transcriptomic signatures for drug discovery},
	journaltitle = {{PLOS} Computational Biology},
	volume = {18},
	number = {2},
	pages = {e1009909},
	doi = {10.1371/journal.pcbi.1009909},
}

@software{rpath_github,
	author = {Enveda Biosciences},
	title = {{RPath}},
	url = {https://github.com/enveda/RPath},
}

@online{rpath_data1,
	author = {Enveda Biosciences},
	title = {{RPath}/data/kg at master · enveda/{RPath} · {GitHub}},
	url = {https://github.com/enveda/RPath/tree/master/data/kg},
}

@online{rpath_data2,
	author = {Domingo-Fernández, Daniel and Gadiya, Yojana and Patel, Abhishek and Mubeen, Sarah and Rivas-Barragan, Daniel and Diana, Chris W. and Misra, Biswapriya B. and Healey, David and Rokicki, Joe and Colluru, Viswa},
	date = {2022-01-17},
	title = {Causal reasoning over knowledge graphs leveraging drug-perturbed and disease-specific transcriptomic signatures for drug discovery},
	publisher = {Zenodo},
	doi = {10.5281/zenodo.5865857},
}

%% RTX-KG2

@online{rtxkg2_group,
	author = {RTXteam},
	title = {Development team for the {RTX} biomedical reasoning tool · {GitHub}},
	url = {https://github.com/RTXteam},
}

@article{rtxkg2_publication,
	author = {Wood, E. C. and Glen, Amy K. and Kvarfordt, Lindsey G. and Womack, Finn and Acevedo, Liliana and Yoon, Timothy S. and Ma, Chunyu and Flores, Veronica and Sinha, Meghamala and Chodpathumwan, Yodsawalai and Termehchy, Arash and Roach, Jared C. and Mendoza, Luis and Hoffman, Andrew S. and Deutsch, Eric W. and Koslicki, David and Ramsey, Stephen A.},
	date = {2022-09-29},
	title = {{RTX}-{KG}2: a system for building a semantically standardized knowledge graph for translational biomedicine},
	journaltitle = {{BMC} Bioinformatics},
	volume = {23},
	number = {1},
	pages = {400},
	doi = {10.1186/s12859-022-04932-3},
}

@software{rtxkg2_github,
	author = {Development team for the {RTX} biomedical reasoning tool},
	title = {{KG}2: the second-generation {RTX} knowledge graph},
	url = {https://github.com/RTXteam/RTX-KG2},
}

@online{rtxkg2_data1,
	author = {{RTXteam}},
	title = {{RTX} {KG}2},
	url = {http://rtx-kg2-public.s3-website-us-west-2.amazonaws.com},
}

@online{rtxkg2_data2,
	author = {ncats},
	title = {translator-lfs-artifacts/files at main · ncats/translator-lfs-artifacts},
	url = {https://github.com/ncats/translator-lfs-artifacts/tree/main/files},
}

%% SDKG-11

@online{sdkg115_group,
	author = {Institute of Biomedical Sciences, Fudan University},
	title = {Institute of Biomedical Sciences, Fudan University},
	url = {https://ibs.fudan.edu.cn/ibsen},
}

@article{sdkg11_publication,
	author = {Zhu, Chaoyu and Yang, Zhihao and Xia, Xiaoqiong and Li, Nan and Zhong, Fan and Liu, Lei},
	date = {2022-04-12},
	title = {Multimodal reasoning based on knowledge graph embedding for specific diseases},
	journaltitle = {Bioinformatics},
	volume = {38},
	number = {8},
	pages = {2235--2245},
	doi = {10.1093/bioinformatics/btac085},
}

@software{sdkg11_github,
	author = {Zhu, Chaoyu},
	title = {{SDKG}-11},
	url = {https://github.com/ZhuChaoY/SDKG-11},
}

@online{sdkg11_data,
	author = {Zhu, Chaoyu},
	title = {{SDKG}-11/Dataset at main · {ZhuChaoY}/{SDKG}-11 · {GitHub}},
	url = {https://github.com/ZhuChaoY/SDKG-11/tree/main/Dataset},
}

%% SemKG

@online{semkg_group,
	author = {Dalian University of Technology},
	title = {Dalian University of Technology},
	url = {https://www.dlut.edu.cn},
}

@article{semkg_publication,
	author = {Sang, Shengtian and Yang, Zhihao and Wang, Lei and Liu, Xiaoxia and Lin, Hongfei and Wang, Jian},
	date = {2018-05-30},
	title = {{SemaTyP}: a knowledge graph based literature mining method for drug discovery},
	journaltitle = {{BMC} Bioinformatics},
	volume = {19},
	number = {1},
	pages = {193},
	doi = {10.1186/s12859-018-2167-5},
}

@software{semkg_github,
	author = {Sang, Shengtian},
	title = {{SemaTyP}: a knowledge graph based literature mining method for drug discovery},
	url = {https://github.com/ShengtianSang/SemaTyP},
}

@online{semkg_data,
	author = {Sang, Shengtian},
	title = {{SemaTyP}/data at main · {ShengtianSang}/{SemaTyP} · {GitHub}},
	url = {https://github.com/ShengtianSang/SemaTyP/tree/main/data},
}

%% SemNet / SemMedDB

@online{semnet_group,
	author = {Kirkpatrick, Anna and Kartchner, David and Allegri, Stephen},
	title = {Pathology Dynamics},
	url = {https://sites.gatech.edu/cassie-mitchell-lab},
}

@online{semnet_website,
	author = {Kirkpatrick, Anna and Kartchner, David and Allegri, Stephen},
	title = {{SemNet} 2.0},
	url = {https://sites.gatech.edu/cassie-mitchell-lab/semnet-2-0},
}

@article{semnet_publication1,
	author = {Sedler, Andrew R. and Mitchell, Cassie S.},
	date = {2019-07-03},
	title = {{SemNet}: Using Local Features to Navigate the Biomedical Concept Graph},
	journaltitle = {Frontiers in Bioengineering and Biotechnology},
	volume = {7},
	doi = {10.3389/fbioe.2019.00156},
}

@article{semnet_publication2,
	author = {Kirkpatrick, Anna and Onyeze, Chidozie and Kartchner, David and Allegri, Stephen and Nakajima An, Davi and {McCoy}, Kevin and Davalbhakta, Evie and Mitchell, Cassie S.},
	date = {2022-03},
	title = {Optimizations for Computing Relatedness in Biomedical Heterogeneous Information Networks: {SemNet} 2.0},
	journaltitle = {Big Data and Cognitive Computing},
	volume = {6},
	number = {1},
	pages = {27},
	doi = {10.3390/bdcc6010027},
}

@software{semnet_github,
	author = {Kirkpatrick, Anna},
	title = {{SemNet}},
	url = {https://github.com/pathology-dynamics/semnet-2},
}

@online{semnet_data,
	author = {National Library of Medicine},
	title = {Access to {SemRep}/{SemMedDB}/{SKR} Resources},
	url = {https://lhncbc.nlm.nih.gov/ii/tools/SemRep_SemMedDB_SKR.html},
}

%% SLKG

@online{slkg_website,
	author = {Zhang, Biyu and Liu, Qi},
	title = {Synthetic Lethality Knowledge Graph},
	url = {https://www.slkg.net},
}

@article{slkg_publication,
	author = {Zhang, Biyu and Tang, Chen and Yao, Yanli and Chen, Xiaohan and Zhou, Chi and Wei, Zhiting and Xing, Feiyang and Chen, Lan and Cai, Xiang and Zhang, Zhiyuan and Sun, Shuyang and Liu, Qi},
	date = {2021-02-24},
	title = {The tumor therapy landscape of synthetic lethality},
	journaltitle = {Nature Communications},
	volume = {12},
	number = {1},
	pages = {1275},
	doi = {10.1038/s41467-021-21544-2},
}

@online{slkg_data,
	author = {Zhang, Biyu and Liu, Qi},
	title = {Synthetic Lethality Knowledge Graph},
	url = {https://www.slkg.net/query},
}

%% SPOKE

@online{spoke_group,
	author = {The Regents of the University of California},
	title = {People},
	url = {https://spoke.ucsf.edu/SPOKE-team},
}

@online{spoke_website1,
	author = {The Regents of the University of California},
	title = {{SPOKE}},
	url = {https://spoke.ucsf.edu},
}

@online{spoke_website2,
	author = {The Regents of the University of California},
	title = {Neighborhood Explorer},
	url = {https://spoke.rbvi.ucsf.edu},
}

@online{spoke_website3,
	author = {The Regents of the University of California},
	title = {{SPOKE} Nodes and Edges},
	url = {https://spoke.rbvi.ucsf.edu/docs},
}

@online{spoke_website4,
	author = {Cyberinfrastructure for Network Science Center},
	title = {Spoke},
	url = {https://cns-iu.github.io/spoke-vis},
}

@article{spoke_publication,
	author = {Morris, John H and Soman, Karthik and Akbas, Rabia E and Zhou, Xiaoyuan and Smith, Brett and Meng, Elaine C and Huang, Conrad C and Cerono, Gabriel and Schenk, Gundolf and Rizk-Jackson, Angela and Harroud, Adil and Sanders, Lauren and Costes, Sylvain V and Bharat, Krish and Chakraborty, Arjun and Pico, Alexander R and Mardirossian, Taline and Keiser, Michael and Tang, Alice and Hardi, Josef and Shi, Yongmei and Musen, Mark and Israni, Sharat and Huang, Sui and Rose, Peter W and Nelson, Charlotte A and Baranzini, Sergio E},
	date = {2023-02-01},
	title = {The scalable precision medicine open knowledge engine ({SPOKE}): a massive knowledge graph of biomedical information},
	journaltitle = {Bioinformatics},
	volume = {39},
	number = {2},
	pages = {btad080},
	doi = {10.1093/bioinformatics/btad080},
}

@software{spoke_github,
	author = {Cyberinfrastructure for Network Science Center at Indiana University},
	title = {Envisioning {SPOKE}: Visualizing 3M Nodes and 30M Edges},
	url = {https://github.com/cns-iu/spoke-vis},
}

@online{spoke_data,
	author = {The Regents of the University of California},
	title = {Swagger {UI}},
	url = {https://spoke.rbvi.ucsf.edu/swagger},
}

%% StrokeKG

@online{strokekg_group,
	author = {National University of Defense Technology},
	title = {Colleges \& Institutes - National University of Defense Technology},
	url = {https://english.nudt.edu.cn/nav/Academics/CollegesandInstitutes},
}

@article{strokekg_publication,
	author = {Yang, Xi and Wu, Chengkun and Nenadic, Goran and Wang, Wei and Lu, Kai},
	date = {2021-07-29},
	title = {Mining a stroke knowledge graph from literature},
	journaltitle = {{BMC} Bioinformatics},
	volume = {22},
	number = {10},
	pages = {387},
	doi = {10.1186/s12859-021-04292-4},
}

@software{strokekg_github,
	author = {Yang, Xi},
	title = {Stroke},
	url = {https://github.com/yangxi1016/Stroke},
}

@online{strokekg_data,
	author = {Yang, Xi},
	title = {Neo4j Browser},
	url = {http://114.115.208.144:7474/browser},
}

%% TogoGenome

@online{togogenome_group,
	author = {Database Center for Life Science},
	title = {{DBCLS} | Database Center for Life Science},
	url = {https://dbcls.rois.ac.jp/index-en.html},
}

@online{togogenome_website,
	author = {Database Center for Life Science (DBCLS)},
	title = {{TogoGenome}},
	url = {http://togogenome.org},
}

@article{togogenome_publication,
	author = {Katayama, Toshiaki and Kawashima, Shuichi and Okamoto, Shinobu and Moriya, Yuki and Chiba, Hirokazu and Naito, Yuki and Fujisawa, Takatomo and Mori, Hiroshi and Takagi, Toshihisa},
	date = {2019-01-01},
	title = {{TogoGenome}/{TogoStanza}: modularized Semantic Web genome database},
	journaltitle = {Database},
	volume = {2019},
	pages = {bay132},
	doi = {10.1093/database/bay132},
}

@software{togogenome_github,
	author = {togogenome},
	title = {togogenome},
	url = {https://github.com/togogenome/togogenome},
}

@online{togogenome_data,
	author = {Database Center for Life Science (DBCLS)},
	title = {sparql-proxy},
	url = {http://togogenome.org/sparql},
}

%% TypeDB Bio

@online{typedbbio_group,
	author = {Vaticle Ltd},
	title = {{TypeDB}: The polymorphic database powered by types},
	url = {https://typedb.com},
}

@online{typedbbio_website,
	author = {Vaticle Ltd},
	title = {{TypeDB} Blog: Accelerating drug discovery with applied knowledge engineering and {TypeDB}},
	url = {https://typedb.com/blog/accelerating-drug-discovery-with-applied-knowledge-engineering-and-typedb},
}

@software{typedbbio_github,
	author = {{TypeDB} {OSI}},
	title = {{TypeDB} Bio: Biomedical Knowledge Graph},
	url = {https://github.com/typedb-osi/typedb-bio},
}

@online{typedbbio_data,
	author = {{TypeDB} {OSI}},
	title = {typedb-bio/dataset at master · typedb-osi/typedb-bio · {GitHub}},
	url = {https://github.com/typedb-osi/typedb-bio/tree/master/dataset},
}

%% Wikidata Biomedical Knowledge Graph

@online{wbkg_group,
	author = {The Su Lab},
	title = {The Su Lab {\textbar} Quantitative methods in biomedical discovery},
	url = {https://sulab.org},
}

@article{wbkg_publication,
	author = {Waagmeester, Andra and Stupp, Gregory and Burgstaller-Muehlbacher, Sebastian and Good, Benjamin M and Griffith, Malachi and Griffith, Obi L and Hanspers, Kristina and Hermjakob, Henning and Hudson, Toby S and Hybiske, Kevin and Keating, Sarah M and Manske, Magnus and Mayers, Michael and Mietchen, Daniel and Mitraka, Elvira and Pico, Alexander R and Putman, Timothy and Riutta, Anders and Queralt-Rosinach, Nuria and Schriml, Lynn M and Shafee, Thomas and Slenter, Denise and Stephan, Ralf and Thornton, Katherine and Tsueng, Ginger and Tu, Roger and Ul-Hasan, Sabah and Willighagen, Egon and Wu, Chunlei and Su, Andrew I},
	date = {2020-03-17},
	title = {Wikidata as a knowledge graph for the life sciences},
	journaltitle = {{eLife}},
	editor = {Rodgers, Peter and Mungall, Chris},
	volume = {9},
	pages = {e52614},
	doi = {10.7554/eLife.52614},
}

@software{wbkg_github1,
	author = {Su Lab},
	title = {genewikiworld},
	url = {https://github.com/SuLab/genewikiworld},
}

@software{wbkg_github2,
	author = {Su Lab},
	title = {{WikidataIntegrator}},
	url = {https://github.com/SuLab/WikidataIntegrator},
}

@software{wbkg_github3,
	author = {Su Lab},
	title = {scheduled-bots},
	url = {https://github.com/SuLab/scheduled-bots},
}

@software{wbkg_github4,
	author = {Su Lab},
	title = {{WD}-rephetio-analysis},
	url = {https://github.com/SuLab/WD-rephetio-analysis},
}

@software{wbkg_github5,
	author = {Su Lab},
	title = {Wikidata-phenomizer},
	url = {https://github.com/SuLab/Wikidata-phenomizer},
}

@online{wbkg_data1,
	author = {Wikidata},
	title = {Wikidata:Database download - Wikidata},
	url = {https://www.wikidata.org/wiki/Wikidata:Database_download},
}

@online{wbkg_data2,
	author = {Wikidata},
	title = {Wikidata Query Service},
	url = {https://query.wikidata.org},
}





% Projects that provide tools for constructing biomedical knowledge graphs

%% AgreementMakerLight (AML)

@online{agreementmakerlight_group,
	author = {{LASIGE}},
	title = {{LASIGE}},
	url = {https://www.lasige.pt},
}

@online{agreementmakerlight_website,
	author = {{LASIGE}},
	title = {{AgreementMakerLight} {\textbar} {LASIGE}},
	url = {https://www.lasige.pt/tools/agreementmakerlight},
}

@inproceedings{agreementmakerlight_publication,
	author = {Silva, Marta Contreiras and Faria, Daniel and Pesquita, Catia},
	date = {2022},
	title = {Matching Multiple Ontologies to Build a Knowledge Graph for Personalized Medicine},
	booktitle = {The Semantic Web},
	publisher = {Springer International Publishing},
	editor = {Groth, Paul and Vidal, Maria-Esther and Suchanek, Fabian and Szekley, Pedro and Kapanipathi, Pavan and Pesquita, Catia and Skaf-Molli, Hala and Tamper, Minna},
	series = {Lecture Notes in Computer Science},
	pages = {461--477},
	doi = {10.1007/978-3-031-06981-9_27},
}

@software{agreementmakerlight_github,
	author = {{AgreementMakerLight}},
	title = {{AML}-Project},
	url = {https://github.com/AgreementMakerLight/AML-Project},
}

%% BioCypher

@online{biocypher_group,
	author = {Saezlab},
	title = {Saez-Rodriguez Group},
	url = {https://saezlab.org},
}

@online{biocypher_website,
	author = {BioCypher developers},
	title = {Democratising Knowledge Graphs},
	url = {https://biocypher.org},
}

@article{biocypher_publication,
	author = {Lobentanzer, Sebastian and Aloy, Patrick and Baumbach, Jan and Bohar, Balazs and Carey, Vincent J. and Charoentong, Pornpimol and Danhauser, Katharina and Doğan, Tunca and Dreo, Johann and Dunham, Ian and Farr, Elias and Fernandez-Torras, Adrià and Gyori, Benjamin M. and Hartung, Michael and Hoyt, Charles Tapley and Klein, Christoph and Korcsmaros, Tamas and Maier, Andreas and Mann, Matthias and Ochoa, David and Pareja-Lorente, Elena and Popp, Ferdinand and Preusse, Martin and Probul, Niklas and Schwikowski, Benno and Sen, Bünyamin and Strauss, Maximilian T. and Turei, Denes and Ulusoy, Erva and Waltemath, Dagmar and Wodke, Judith A. H. and Saez-Rodriguez, Julio},
	date = {2023-08},
	title = {Democratizing knowledge representation with {BioCypher}},
	journaltitle = {Nature Biotechnology},
	volume = {41},
	number = {8},
	pages = {1056--1059},
	doi = {10.1038/s41587-023-01848-y},
}

@software{biocypher_github,
	author = {Lobentanzer, Sebastian and {BioCypher Consortium} and Saez-Rodriguez, Julio},
	title = {Democratizing knowledge representation with BioCypher},
	url = {https://github.com/biocypher/biocypher},
}

@software{biocypher_pypi,
	author = {Sebastian Lobentanzer},
	title = {biocypher · PyPI},
	url = {https://pypi.org/project/biocypher},
}

%% DemKG

@article{demkg_publication,
	author = {Timón-Reina, Santiago and Rincón, Mariano and Martínez-Tomás, Rafael and Kirsebom, Bjørn-Eivind and Fladby, Tormod},
	date = {2023-01},
	title = {A Knowledge Graph Framework for Dementia Research Data},
	journaltitle = {Applied Sciences},
	volume = {13},
	number = {18},
	pages = {10497},
	doi = {10.3390/app131810497},
}

@software{demkg_github,
	author = {demkg-framework},
	title = {kg-transform},
	url = {https://github.com/demkg-framework/kg-transform},
}

%% K-BiOnt

@online{kbiont_group1,
	author = {{BioTM}},
	title = {{BioTM}, {LASIGE}, Fac. Ciências, Universidade de Lisboa},
	url = {https://github.com/lasigeBioTM},
}

@online{kbiont_group2,
	author = {{LASIGE}},
	title = {{LASIGE}},
	url = {https://www.lasige.pt},
}

@article{kbiont_publication,
	author = {Sousa, Diana and Couto, Francisco M.},
	date = {2022-08},
	title = {Biomedical Relation Extraction With Knowledge Graph-Based Recommendations},
	journaltitle = {{IEEE} Journal of Biomedical and Health Informatics},
	volume = {26},
	number = {8},
	pages = {4207--4217},
	doi = {10.1109/JBHI.2022.3173558},
}

@software{kbiont_github,
	author = {{BioTM}},
	title = {K-{BiOnt}: Biomedical Relation Extraction with Knowledge Graph-based Recommendations},
	url = {https://github.com/lasigeBioTM/K-BiOnt},
}

%% KGTK

@online{kgtk_group,
	author = {USC Information Sciences Institute},
	title = {Information Sciences Institute},
	url = {https://www.isi.edu},
}

@online{kgtk_website,
	author = {ISI CKGs},
	title = {{KGTK} documentation},
	url = {https://kgtk.readthedocs.io},
}

@inproceedings{kgtk_publication,
	author = {Ilievski, Filip and Garijo, Daniel and Chalupsky, Hans and Divvala, Naren Teja and Yao, Yixiang and Rogers, Craig and Li, Rongpeng and Liu, Jun and Singh, Amandeep and Schwabe, Daniel and Szekely, Pedro},
	date = {2020},
	title = {{KGTK}: A Toolkit for Large Knowledge Graph Manipulation and Analysis},
	booktitle = {The Semantic Web – {ISWC} 2020},
	publisher = {Springer International Publishing},
	editor = {Pan, Jeff Z. and Tamma, Valentina and d’Amato, Claudia and Janowicz, Krzysztof and Fu, Bo and Polleres, Axel and Seneviratne, Oshani and Kagal, Lalana},
	series = {Lecture Notes in Computer Science},
	pages = {278--293},
	doi = {10.1007/978-3-030-62466-8_18},	
}

@software{kgtk_github,
	author = {University of Southern California, Information Sciences Institute},
	title = {{KGTK}: Knowledge Graph Toolkit},
	url = {https://github.com/usc-isi-i2/kgtk},
}

@online{kgtk_pypi,
	author = {ISI CKGs},
	title = {kgtk · {PyPI}},
	url = {https://pypi.org/project/kgtk},
}

%% KGX

@online{kgx_website1,
	author = {Mungall, Chris and Unni, Deepak and Shefchek, Kent and Hannestad, Lance and Bruskiewicz, Kenneth and Bruskiewich, Richard},
	title = {Welcome to the {KGX} documentation — kgx 1.5.1 documentation},
	url = {https://kgx.readthedocs.io},
}

@online{kgx_website2,
	author = {biolink},
	title = {{KGX} Format},
	url = {https://github.com/biolink/kgx/blob/master/specification/kgx-format.md},
}

@software{kgx_github,
	author = {biolink},
	title = {Knowledge Graph Exchange},
	url = {https://github.com/biolink/kgx},
}

@online{kgx_pypi,
	author = {Unni, Deepak},
	title = {kgx · {PyPI}},
	url = {https://pypi.org/project/kgx},
}

%% ogbl-biokg

@online{ogblbiokg_group,
	author = {Stanford University},
	title = {Computer Science {\textbar} Stanford University School of Engineering},
	url = {https://engineering.stanford.edu/faculty-research/departments/computer-science},
}

@online{ogblbiokg_website,
	author = {Open Graph Benchmark},
	title = {Link Property Prediction},
	url = {https://snap-stanford.github.io/ogb-web/docs/linkprop/#ogbl-biokg},
}

@misc{ogblbiokg_publication,
	author = {Hu, Weihua and Fey, Matthias and Zitnik, Marinka and Dong, Yuxiao and Ren, Hongyu and Liu, Bowen and Catasta, Michele and Leskovec, Jure},
	date = {2021-02-24},
	title = {Open Graph Benchmark: Datasets for Machine Learning on Graphs},
	publisher = {{arXiv}},
	doi = {10.48550/arXiv.2005.00687},
}

@software{ogblbiokg_github,
	author = {snap-stanford},
	title = {ogb},
	url = {https://github.com/snap-stanford/ogb},
}

@online{ogblbiokg_pypi,
	author = {OGB Team},
	title = {ogb · {PyPI}},
	url = {https://pypi.org/project/ogb},
}

@online{ogblbiokg_data,
	author = {Open Graph Benchmark},
	title = {Index of /ogb/data/linkproppred},
	url = {https://snap.stanford.edu/ogb/data/linkproppred},
}

%% ORION

@online{orion_group,
	author = {Renaissance Computing Institute},
	title = {{RENCI} - Renaissance Computing Institute at {UNC}},
	url = {https://renci.org},
}

@software{orion_github,
	author = {Renaissance Computing Institute},
	title = {{ORION}},
	url = {https://github.com/RobokopU24/ORION},
}

%% SEmantic Modeling machIne (SeMi)

@online{semi_website,
	author = {Elsevier},
	title = {{SeMi} - {SEmantic} Modeling {machIne}},
	url = {https://github.com/giuseppefutia/semi/blob/master/README.md},
}

@article{semi_publication,
	author = {Futia, Giuseppe and Vetrò, Antonio and De Martin, Juan Carlos},
	date = {2020-07-01},
	title = {{SeMi}: A {SEmantic} Modeling {machIne} to build Knowledge Graphs with graph neural networks},
	journaltitle = {{SoftwareX}},
	volume = {12},
	pages = {100516},
	doi = {10.1016/j.softx.2020.100516},
}

@software{semi_github,
	author = {Elsevier},
	title = {{SeMi} - {SEmantic} Modeling {machIne}},
	url = {https://github.com/ElsevierSoftwareX/SOFTX_2019_258},
}

%% Stitcher

@online{stitcher_group,
	author = {National Center for Advancing Translational Sciences},
	title = {Divisions and Offices {\textbar} National Center for Advancing Translational Sciences},
	url = {https://ncats.nih.gov/about/divisions-and-offices},
}

@online{stitcher_publication,
	author = {National Center for Advancing Translational Sciences},
	title = {stitcher/paper at master · ncats/stitcher},
	url = {https://github.com/ncats/stitcher/tree/master/paper},
}

@software{stitcher_github,
	author = {National Center for Advancing Translational Sciences},
	title = {stitcher},
	url = {https://github.com/ncats/stitcher},
}





% Collections of biomedical databases

%% bio.link

@online{biotools_group,
	author = {{ELIXIR}},
	title = {{ELIXIR}},
	url = {https://elixir-europe.org},
}

@online{biotools_website,
	authors = {{ELIXIR})},
	title = {bio.tools · Bioinformatics Tools and Services Discovery Portal},
	url = {https://bio.tools},
}

@article{biotools_publication,
	author = {Ison, Jon and Rapacki, Kristoffer and Ménager, Hervé and Kalaš, Matúš and Rydza, Emil and Chmura, Piotr and Anthon, Christian and Beard, Niall and Berka, Karel and Bolser, Dan and Booth, Tim and Bretaudeau, Anthony and Brezovsky, Jan and Casadio, Rita and Cesareni, Gianni and Coppens, Frederik and Cornell, Michael and Cuccuru, Gianmauro and Davidsen, Kristian and Vedova, Gianluca Della and Dogan, Tunca and Doppelt-Azeroual, Olivia and Emery, Laura and Gasteiger, Elisabeth and Gatter, Thomas and Goldberg, Tatyana and Grosjean, Marie and Grüning, Björn and Helmer-Citterich, Manuela and Ienasescu, Hans and Ioannidis, Vassilios and Jespersen, Martin Closter and Jimenez, Rafael and Juty, Nick and Juvan, Peter and Koch, Maximilian and Laibe, Camille and Li, Jing-Woei and Licata, Luana and Mareuil, Fabien and Mičetić, Ivan and Friborg, Rune Møllegaard and Moretti, Sebastien and Morris, Chris and Möller, Steffen and Nenadic, Aleksandra and Peterson, Hedi and Profiti, Giuseppe and Rice, Peter and Romano, Paolo and Roncaglia, Paola and Saidi, Rabie and Schafferhans, Andrea and Schwämmle, Veit and Smith, Callum and Sperotto, Maria Maddalena and Stockinger, Heinz and Vařeková, Radka Svobodová and Tosatto, Silvio C.E. and de la Torre, Victor and Uva, Paolo and Via, Allegra and Yachdav, Guy and Zambelli, Federico and Vriend, Gert and Rost, Burkhard and Parkinson, Helen and Løngreen, Peter and Brunak, Søren},
	date = {2016-01-04},
	title = {Tools and data services registry: a community effort to document bioinformatics resources},
	journaltitle = {Nucleic Acids Research},
	volume = {44},
	issue = {D1},
	pages = {D38--D47},
	doi = {10.1093/nar/gkv1116},
}

%% Database Commons

@online{databasecommons_group,
	author = {China National Center for Bioinformation},
	title = {China National Center for Bioinformation ({CNCB})},
	url = {https://www.cncb.ac.cn/?lang=en},
}

@online{databasecommons_website,
	author = {China National Center for Bioinformation / Beijing Institute of Genomics, Chinese Academy of Sciences},
	title = {Database Commons},
	url = {https://ngdc.cncb.ac.cn/databasecommons},
}

@article{databasecommons_publication,
	author = {Ma, Lina and Zou, Dong and Liu, Lin and Shireen, Huma and Abbasi, Amir A. and Bateman, Alex and Xiao, Jingfa and Zhao, Wenming and Bao, Yiming and Zhang, Zhang},
	date = {2022-12-23},
	title = {Database Commons: A Catalog of Worldwide Biological Databases},
	journaltitle = {Genomics, Proteomics \& Bioinformatics},
	doi = {10.1016/j.gpb.2022.12.004},
}

%% DaTo

@online{dato_group,
	author = {Ming Chen's Lab, Zhejiang University},
	title = {{BIS}: Bioinformatics Server @ Zhejiang University},
	url = {https://bis.zju.edu.cn},
}

@online{dato_website,
	author = {Ming Chen's Lab, Zhejiang University},
	title = {{DaTo}},
	url = {https://bis.zju.edu.cn/dato},
}

@article{dato_publication,
	author = {Li, Qilin and Zhou, Yincong and Jiao, Yingmin and Zhang, Zhao and Bai, Lin and Tong, Li and Yang, Xiong and Sommer, Björn and Hofestädt, Ralf and Chen, Ming},
	date = {2016-06-01},
	title = {{DaTo}: an atlas of biological databases and tools},
	journaltitle = {Journal of Integrative Bioinformatics},
	volume = {13},
	number = {4},
	pages = {30--38},
	doi = {10.1515/jib-2016-297},
}

%% FAIRsharing

@online{fairsharing_group,
	author = {The University of Oxford},
	title = {{FAIRsharing}},
	url = {https://researchdata.ox.ac.uk/fairsharing},
}

@online{fairsharing_website,
	author = {{FAIRsharing}},
	title = {{FAIRsharing}},
	url = {https://fairsharing.org},
}

@article{fairsharing_publication,
	author = {Sansone, Susanna-Assunta and {McQuilton}, Peter and Rocca-Serra, Philippe and Gonzalez-Beltran, Alejandra and Izzo, Massimiliano and Lister, Allyson L. and Thurston, Milo},
	date = {2019-04},
	title = {{FAIRsharing} as a community approach to standards, repositories and policies},
	journaltitle = {Nature Biotechnology},
	volume = {37},
	number = {4},
	pages = {358--367},
	doi = {10.1038/s41587-019-0080-8},
}

%% MetaBase

@online{metabase_website,
	author = {{MetaBase} contributors},
	title = {{MetaBase}},
	url = {https://web.archive.org/web/20140118114727/http://metadatabase.org/wiki/Main_Page},
}

@article{metabase_publication,
	author = {Bolser, Dan M. and Chibon, Pierre-Yves and Palopoli, Nicolas and Gong, Sungsam and Jacob, Daniel and Angel, Victoria Dominguez Del and Swan, Dan and Bassi, Sebastian and González, Virginia and Suravajhala, Prashanth and Hwang, Seungwoo and Romano, Paolo and Edwards, Rob and Bishop, Bryan and Eargle, John and Shtatland, Timur and Provart, Nicholas J. and Clements, Dave and Renfro, Daniel P. and Bhak, Daeui and Bhak, Jong},
	date = {2012-01-01},
	title = {{MetaBase}—the wiki-database of biological databases},
	journaltitle = {Nucleic Acids Research},
	volume = {40},
	issue = {D1},
	pages = {D1250--D1254},
	doi = {10.1093/nar/gkr1099},
}

%% NAR db status

@online{nardbstatus_group,
	author = {Bielefeld University},
	title = {Bioinformatics / Medical Informatics Department},
	url = {https://www.techfak.uni-bielefeld.de/ags/bi},
}

@online{nardbstatus_website,
	author = {Bioinformatics/Medical Informatics department at Bielefeld University},
	title = {{NAR} db status},
	url = {https://nardbstatus.kalis-amts.de},
}

@article{nardbstatus_publication,
	author = {Friedrichs, Marcel and Königs, Cassandra},
	date = {2023-10-23},
	title = {A web-based platform for the annotation and analysis of {NAR}-published databases},
	journaltitle = {{PLOS} {ONE}},	
	volume = {18},
	number = {10},
	pages = {e0293134},
	doi = {10.1371/journal.pone.0293134},
}

%% NAR online Molecular Biology Database Collection

@online{nar_group,
	author = {Oxford University Press},
	title = {Nucleic Acids Research {\textbar} Oxford Academic},
	url = {https://academic.oup.com/nar},
}

@online{nar_website,
	author = {Oxford University Press},
	title = {Database Summary Paper Categories},
	url = {https://www.oxfordjournals.org/nar/database/c},
}

@article{nar_publication,
	author = {Rigden, Daniel J and Fernández, Xosé M},
	date = {2023-01-06},
	title = {The 2023 Nucleic Acids Research Database Issue and the online molecular biology database collection},
	journaltitle = {Nucleic Acids Research},
	volume = {51},
	issue = {D1},
	pages = {D1--D8},
	doi = {10.1093/nar/gkac1186},
}

%% Online Bioinformatics Resources Collection (OBRC)

@online{obrc_group,
	author = {Health Sciences Library System, University of Pittsburgh},
	title = {{HSLS}},
	url = {https://www.hsls.pitt.edu},
}

@online{obrc_website,
	author = {Health Sciences Library System, University of Pittsburgh},
	title = {{OBRC}: Online Bioinformatics Resources Collection {\textbar} {HSLS}},
	url = {https://www.hsls.pitt.edu/obrc},
}

@article{obrc_publication,
	author = {Chen, Yi-Bu and Chattopadhyay, Ansuman and Bergen, Phillip and Gadd, Cynthia and Tannery, Nancy},
	date = {2007-01-01},
	title = {The Online Bioinformatics Resources Collection at the University of Pittsburgh Health Sciences Library System—a one-stop gateway to online bioinformatics databases and software tools},
	journaltitle = {Nucleic Acids Research},
	volume = {35},
	issue = {suppl\_1},
	pages = {D780--D785},
	doi = {10.1093/nar/gkl781},
}

%% OReFiL

@online{orefil_group,
	author = {The University Of Tokyo Future Center Initiative},
	title = {Database Center for Life Science – The University Of Tokyo Future Center Initiative},
	url = {https://www.satellite.u-tokyo.ac.jp/en/resident/about_dbcls},
}

@online{orefil_website,
	author = {University of Tokyo / DBCLS},
	title = {{OReFiL}: an Online Resource Finder for Lifesciences},
	url = {https://orefil.dbcls.jp},
}

@article{orefil_publication,
	author = {Yamamoto, Yasunori and Takagi, Toshihisa},
	date = {2007-12},
	title = {{OReFiL}: an online resource finder for life sciences},
	journaltitle = {{BMC} Bioinformatics},
	volume = {8},
	number = {1},
	pages = {1--8},
	doi = {10.1186/1471-2105-8-287},
}

%% The Bioinformatics Links Directory

@online{tbld_group,
	author = {The Canadian Bioinformatics Workshops ({CBW})},
	title = {About Bioinformatics.ca},
	url = {https://bioinformatics.ca/about/about-bioinformatics},
}

@online{tbld_website,
	author = {Canadian Bioinformatics.ca Links Directory},
	title = {Bioinformatics Links Directory {\textbar} Bioinformatics.ca Links Directory},
	url = {https://web.archive.org/web/20170608065028/https://bioinformatics.ca/links_directory},
}

@article{tbld_publication1,
	author = {Fox, Joanne A. and Butland, Stefanie L. and {McMillan}, Scott and Campbell, Graeme and Ouellette, B. F. Francis},
	date = {2005-07-01},
	title = {The Bioinformatics Links Directory: a Compilation of Molecular Biology Web Servers},
	journaltitle = {Nucleic Acids Research},
	volume = {33},
	issue = {suppl\_2},
	pages = {W3--W24},
	doi = {10.1093/nar/gki594},
}

@article{tbld_publication2,
	author = {Brazas, Michelle D. and Yim, David and Yeung, Winston and Ouellette, B. F. Francis},
	date = {2012-07-01},
	title = {A decade of web server updates at the bioinformatics links directory: 2003–2012},
	journaltitle = {Nucleic Acids Research},
	volume = {40},
	issue = {W1},
	pages = {W3--W12},
	doi = {10.1093/nar/gks632},
}





% Collections of biomedical ontologies and controlled vocabularies

%% BioPortal

@online{bioportal_group,
	author = {Stanford Medicine},
	title = {Center for Biomedical Informatics Research ({BMIR})},
	url = {https://bmir.stanford.edu},
}

@online{bioportal_website,
	author = {The Board of Trustees of Leland Stanford Junior University},
	title = {{BioPortal} {\textbar} Biomedical Ontology Repository},
	url = {https://www.bioontology.org},
}

@article{bioportal_publication,
	author = {Whetzel, Patricia L. and Noy, Natalya F. and Shah, Nigam H. and Alexander, Paul R. and Nyulas, Csongor and Tudorache, Tania and Musen, Mark A.},
	date = {2011-07-01},
	title = {{BioPortal}: enhanced functionality via new Web services from the National Center for Biomedical Ontology to access and use ontologies in software applications},
	journaltitle = {Nucleic Acids Research},
	volume = {39},
	issue = {suppl\_2},
	pages = {W541--W545},
	doi = {10.1093/nar/gkr469},
}

%% Ontobee

@online{ontobee_group,
	author = {He Group, University of Michigan Medical School},
	title = {Welcome to He Group Webpage},
	url = {https://www.hegroup.org},
}

@online{ontobee_website,
	author = {He Group, University of Michigan Medical School},
	title = {Ontobee},
	url = {https://ontobee.org},
}

@article{ontobee_publication,
	author = {Ong, Edison and Xiang, Zuoshuang and Zhao, Bin and Liu, Yue and Lin, Yu and Zheng, Jie and Mungall, Chris and Courtot, Mélanie and Ruttenberg, Alan and He, Yongqun},
	date = {2017-01-04},
	title = {Ontobee: A linked ontology data server to support ontology term dereferencing, linkage, query and integration},
	journaltitle = {Nucleic Acids Research},
	volume = {45},
	issue = {D1},
	pages = {D347--D352},
	doi = {10.1093/nar/gkw918},
}

%% Ontology Lookup Service (OLS)

@online{ols_group,
	author = {{EMBL}},
	title = {Samples, phenotypes and ontologies – Delivering databases and interoperability tools for mammalian models of disease, {GWAS}, {PGS} and Polygenic Scores.},
	url = {https://www.ebi.ac.uk/about/teams/samples-phenotypes-ontologies},
}

@online{ols_website,
	author = {{EMBL-EBI}},
	title = {Ontology Lookup Service ({OLS})},
	url = {https://www.ebi.ac.uk/ols4},
}

@article{ols_publication1,
	author = {Côté, Richard G. and Jones, Philip and Apweiler, Rolf and Hermjakob, Henning},
	date = {2006-12},
	title = {The Ontology Lookup Service, a lightweight cross-platform tool for controlled vocabulary queries},
	journaltitle = {{BMC} Bioinformatics},
	volume = {7},
	number = {1},
	pages = {1--7},
	doi = {10.1186/1471-2105-7-97},
}

@article{ols_publication2,
	author = {Côté, Richard and Reisinger, Florian and Martens, Lennart and Barsnes, Harald and Vizcaino, Juan Antonio and Hermjakob, Henning},
	date = {2010-07-01},
	title = {The Ontology Lookup Service: bigger and better},
	journaltitle = {Nucleic Acids Research},
	volume = {38},
	issue = {suppl\_2},
	pages = {W155--W160},
	doi = {10.1093/nar/gkq331},
}

%% Open Biomedical Ontologies (OBO)

@online{obo_website,
	author = {{OBO} Technical {WG}},
	title = {{OBO} Foundry},
	url = {https://obofoundry.org},
}

@article{obo_publication,
	author = {Jackson, Rebecca and Matentzoglu, Nicolas and Overton, James A and Vita, Randi and Balhoff, James P and Buttigieg, Pier Luigi and Carbon, Seth and Courtot, Melanie and Diehl, Alexander D and Dooley, Damion M and Duncan, William D and Harris, Nomi L and Haendel, Melissa A and Lewis, Suzanna E and Natale, Darren A and Osumi-Sutherland, David and Ruttenberg, Alan and Schriml, Lynn M and Smith, Barry and Stoeckert Jr., Christian J and Vasilevsky, Nicole A and Walls, Ramona L and Zheng, Jie and Mungall, Christopher J and Peters, Bjoern},
	date = {2021-09-29},
	title = {{OBO} Foundry in 2021: operationalizing open data principles to evaluate ontologies},
	journaltitle = {Database},
	volume = {2021},
	pages = {baab069},
	doi = {10.1093/database/baab069},
}





% File formats

%% BEL

@online{bel_group,
	author = {{BEL}.bio},
	title = {About {BEL}.bio},
	url = {https://bel.bio/about},
}

@software{bel_spec,
	author = {{BEL}.bio},
	title = {bel\_specifications},
	url = {https://github.com/belbio/bel_specifications},
}

@online{bel_website1,
	author = {BEL community},
	title = {Biological Expression Language},
	url = {https://biological-expression-language.github.io},
}

@online{bel_website2,
	author = {{BEL}.bio},
	title = {{BEL}: Biological Expression Language},
	url = {https://bel.bio},
}

%% CSV

@online{csv_group,
	author = {Shafranovich},
	title = {Working Groups},
	url = {https://www.ietf.org/how/wgs},
}

@report{csv_spec,
	author = {Shafranovich, Yakov},
	date = {2005-10},
	title = {Common Format and {MIME} Type for Comma-Separated Values ({CSV}) Files},
	institution = {Internet Engineering Task Force},
	type = {Request for Comments},
	number = {{RFC} 4180},
	doi = {10.17487/RFC4180},
}

@online{csv_wiki,
	author = {Wikipedia},
	title = {Comma-separated values},
	url = {https://en.wikipedia.org/w/index.php?title=Comma-separated_values},
}

%% GraphDB

@online{graphdb_group,
	author = {Ontotext},
	title = {Ontotext Home},
	url = {https://www.ontotext.com},
}

@online{graphdb_spec,
	author = {Ontotext},
	title = {Ontotext {GraphDB}},
	url = {https://www.ontotext.com/products/graphdb},
}

@online{graphdb_wiki,
	author = {Wikipedia},
	title = {Ontotext {GraphDB}},
	url = {https://en.wikipedia.org/w/index.php?title=Ontotext_GraphDB},
}

%% GraphML

@online{graphml_group,
	author = {GraphML Working Group},
	title = {About {GraphML}},
	url = {http://graphml.graphdrawing.org/about.html},
}

@online{graphml_spec,
	author = {GraphML Working Group},
	title = {The {GraphML} File Format},
	url = {http://graphml.graphdrawing.org},
}

@online{graphml_wiki,
	author = {Wikipedia},
	title = {{GraphML}},
	url = {https://en.wikipedia.org/w/index.php?title=GraphML&oldid=1060832076},
}

%% KGX

@online{kgx_format_website,
	author = {Mungall, Chris and Unni, Deepak and Shefchek, Kent and Hannestad, Lance and Bruskiewicz, Kenneth and Bruskiewich, Richard},
	title = {{KGX} Format},
	url = {https://kgx.readthedocs.io/en/latest/kgx_format.html},
}

@online{kgx_format_spec,
	author = {biolink},
	title = {kgx/specification/kgx-format.md},
	url = {https://github.com/biolink/kgx/blob/master/specification/kgx-format.md},
}

%% JSON-LD

@online{w3c_group,
	author = {W3C},
	title = {W3C},
	url = {https://www.w3.org},
}

@online{jsonld_spec,
	author = {{W3C}},
	title = {{JSON}-{LD} 1.1},
	url = {https://www.w3.org/TR/json-ld},
}

@online{jsonld_wiki,
	author = {Wikipedia},
	title = {{JSON}-{LD}},
	url = {https://en.wikipedia.org/w/index.php?title=JSON-LD},
}

%% N-Triples

@online{ntriples_spec,
	author = {{W3C}},
	title = {{RDF} 1.1 N-Triples},
	url = {https://www.w3.org/TR/n-triples},
}

@online{ntriples_wiki,
	author = {Wikipedia},
	title = {N-Triples},
	url = {https://en.wikipedia.org/w/index.php?title=N-Triples},
}

%% N-Quads

@online{nquads_spec,
	author = {{W3C}},
	title = {{RDF} 1.1 N-Quads},
	url = {https://www.w3.org/TR/n-quads},
}

@online{nquads_wiki,
	author = {Wikipedia},
	title = {N-Triples: N-Quads},
	url = {https://en.wikipedia.org/w/index.php?title=N-Triples#N-Quads},
}

%% Neo4j

@online{neo4j_group,
	author = {Neo4j, Inc.},
	title = {Neo4j Graph Database \& Analytics {\textbar} The Leader in Graph Databases},
	url = {https://neo4j.com},
}

@online{neo4j_spec,
	author = {Neo4j, Inc.},
	title = {Create a {DBMS} dump file - Neo4j Desktop},
	url = {https://neo4j.com/docs/desktop-manual/current/operations/create-dump},
}

@online{neo4j_wiki,
	author = {Wikipedia},
	title = {Neo4j},
	url = {https://en.wikipedia.org/w/index.php?title=Neo4j},
}

%% Notation3

@online{notation3_spec,
	author = {{W3C}},
	title = {Notation3 (N3): A readable {RDF} syntax},
	url = {https://www.w3.org/TeamSubmission/n3},
}

@online{notation3_wiki,
	author = {Wikipedia},
	title = {Notation3},
	url = {https://en.wikipedia.org/w/index.php?title=Notation3},
}

%% RDF/JSON

@online{rdfjson_spec,
	author = {{W3C}},
	title = {{RDF} 1.1 {JSON} Alternate Serialization ({RDF}/{JSON})},
	url = {https://www.w3.org/TR/rdf-json},
}

@online{rdfjson_website,
	author = {The Apache Software Foundation},
	title = {{RDF} {JSON} - docs.api},
	url = {https://jena.apache.org/documentation/io/rdf-json.html},
}

%% RDF/XML

@online{rdfxml_spec,
	author = {{W3C}},
	title = {{RDF} 1.1 {XML} Syntax},
	url = {https://www.w3.org/TR/rdf-syntax-grammar},
}

@online{rdfxml_wiki,
	author = {Wikipedia},
	title = {{RDF}/{XML}},
	url = {https://en.wikipedia.org/w/index.php?title=RDF/XML},
}

%% RDFa

@online{rdfa_spec,
	author = {{W3C}},
	title = {{RDFa} 1.1 Primer - Third Edition},
	url = {https://www.w3.org/TR/rdfa-primer},
}

@online{rdfa_wiki,
	author = {Wikipedia},
	title = {{RDFa}},
	url = {https://en.wikipedia.org/w/index.php?title=RDFa},
}

%% SIF

@online{sif_group,
	author = {Cytoscape Consortium},
	title = {Cytoscape Consortium},
	url = {https://github.com/cytoscape},
}

@online{sif_spec,
	author = {Cytoscape Consortium},
	title = {Cytoscape User Manual},
	url = {https://cytoscape.org/manual/Cytoscape2_5Manual.html#SIF%20Format},
}

@online{sif_website,
	author = {BioUML platform},
	title = {{SIF} (file format) - {BioUML} platform},
	url = {https://wiki.biouml.org/index.php/SIF_(file_format)},
}

%% TriG

@online{trig_spec,
	author = {{W3C}},
	title = {{RDF} 1.1 {TriG}},
	url = {https://www.w3.org/TR/trig},
}

@online{trig_wiki,
	author = {Wikipedia},
	title = {{TriG} (syntax)},
	url = {https://en.wikipedia.org/w/index.php?title=TriG_(syntax)},
}

%% TriX

@online{trix_spec,
	author = {{Hewlett-Packard Development Company, L.P.}},
	title = {{TriX} : {RDF} Triples in {XML}},
	url = {https://www.hpl.hp.com/techreports/2004/HPL-2004-56.html},
}

@online{trix_wiki,
	author = {Wikipedia},
	title = {{TriX} (serialization format)},
	url = {https://en.wikipedia.org/w/index.php?title=TriX_(serialization_format)},
}

%% Turtle

@online{turtle_spec,
	author = {{W3C}},
	title = {{RDF} 1.1 Turtle},
	url = {https://www.w3.org/TR/turtle},
}

@online{turtle_wiki,
	author = {Wikipedia},
	title = {Turtle (syntax)},
	url = {https://en.wikipedia.org/w/index.php?title=Turtle_(syntax)},
}





% Definitions of knowledge graph

@article{stein2003,
	author = {Stein, Lincoln D.},
	date = {2003-05},
	title = {Integrating biological databases},
	journaltitle = {Nature Reviews Genetics},
	volume = {4},
	number = {5},
	pages = {337--345},
	doi = {10.1038/nrg1065},
}

@online{rdf2023,
	author = {W3C},
	title = {{RDF} - Semantic Web Standards},
	url = {https://www.w3.org/RDF},
}

@online{owl2023,
	author = {W3C},
	title = {{OWL} - Semantic Web Standards},
	url = {https://www.w3.org/2001/sw/wiki/OWL},
}

@article{gruber1995,
	author = {Gruber, Thomas R.},
	date = {1995-11-01},
	title = {Toward principles for the design of ontologies used for knowledge sharing?},
	journaltitle = {International Journal of Human-Computer Studies},
	volume = {43},
	number = {5},
	pages = {907--928},
	doi = {10.1006/ijhc.1995.1081},
}

@book{hamilton2020,
	author = {Hamilton, William L.},
	date = {2020},
	title = {Graph Representation Learning},
	publisher = {Springer International Publishing},
	series = {Synthesis Lectures on Artificial Intelligence and Machine Learning},
	doi = {10.1007/978-3-031-01588-5},
}

@inproceedings{schlichtkrull2018,
	author = {Schlichtkrull, Michael and Kipf, Thomas N. and Bloem, Peter and van den Berg, Rianne and Titov, Ivan and Welling, Max},
	date = {2018},
	title = {Modeling Relational Data with Graph Convolutional Networks},
	booktitle = {The Semantic Web},
	publisher = {Springer International Publishing},
	editor = {Gangemi, Aldo and Navigli, Roberto and Vidal, Maria-Esther and Hitzler, Pascal and Troncy, Raphaël and Hollink, Laura and Tordai, Anna and Alam, Mehwish},
	series = {Lecture Notes in Computer Science},
	pages = {593--607},
	doi = {10.1007/978-3-319-93417-4_38},
}

@article{wang2014,
	author = {Wang, Zhen and Zhang, Jianwen and Feng, Jianlin and Chen, Zheng},
	date = {2014-06-21},
	title = {Knowledge Graph Embedding by Translating on Hyperplanes},
	journaltitle = {Proceedings of the {AAAI} Conference on Artificial Intelligence},
	volume = {28},
	number = {1},
	doi = {10.1609/aaai.v28i1.8870},
}

@article{li2022,
	author = {Li, Sirui and Wong, Kok Wai and Zhu, Dengya and Fung, Chun Che},
	date = {2022-01-01},
	title = {Modelling Multi-relations for Convolutional-based Knowledge Graph Embedding},
	journaltitle = {Procedia Computer Science},
	series = {Knowledge-Based and Intelligent Information \& Engineering Systems: Proceedings of the 26th International Conference {KES}2022},
	volume = {207},
	pages = {624--633},
	doi = {10.1016/j.procs.2022.09.117},
}

@article{zhang2017,
	author = {Zhang, Chunhong and Zhou, Miao and Han, Xiao and Hu, Zheng and Ji, Yang},
	date = {2017-04},
	title = {Knowledge graph embedding for hyper-relational data},
	journaltitle = {Tsinghua Science and Technology},
	volume = {22},
	number = {2},
	pages = {185--197},
	doi = {10.23919/TST.2017.7889640},
}

@article{hogan2021,
	author = {Hogan, Aidan and Blomqvist, Eva and Cochez, Michael and D’amato, Claudia and Melo, Gerard De and Gutierrez, Claudio and Kirrane, Sabrina and Gayo, José Emilio Labra and Navigli, Roberto and Neumaier, Sebastian and Ngomo, Axel-Cyrille Ngonga and Polleres, Axel and Rashid, Sabbir M. and Rula, Anisa and Schmelzeisen, Lukas and Sequeda, Juan and Staab, Steffen and Zimmermann, Antoine},
	date = {2021-07-02},
	title = {Knowledge Graphs},
	journaltitle = {{ACM} Computing Surveys},
	volume = {54},
	number = {4},
	pages = {71:1--71:37},
	doi = {10.1145/3447772},
}
